2896 4834
415 374 748 426 rannornrooauu
774 376 972 428 varonum.
1136 362 1225 438 2407

116 521 217 587 ultera
228 520 421 601 locupletior.
457 519 510 606 Itu
521 520 642 601 quidem
655 521 772 584 titulus.
812 521 875 582 Sed
894 521 1117 584 Kirchmaierus
1127 522 1226 584 nullos

118 619 254 680 Codices
271 617 346 678 Mas.
369 617 538 680 consuluitr
560 627 675 682 textum
700 618 885 700 Panegyrici
907 640 1012 700 parum
1035 621 1225 686 emendatum

116 716 260 784 exhibet:
273 735 340 780 ,nec
362 714 436 786 iere,
451 715 506 774 nisi
530 715 625 796 Lipsii
642 724 739 788 notas,
753 717 783 776 in
796 716 1006 798 compendium
1020 717 1143 796 redegit.
1186 715 1225 780 In

118 813 297 893 prelatione
325 821 436 884 namot,
456 811 507 874 Jo.
530 812 658 876 Livineii
692 813 872 894 exemplaris
893 814 1010 894 copiam
1031 815 1088 874 sibi
1115 815 1227 876 factam

117 909 240 973 imma
254 909 424 970 Christiano
434 908 580 982 Bromio,
597 910 647 971 cui
666 931 685 970 a
698 911 841 972 Piccarto
860 913 995 991 ascriptae
1013 910 1123 972 fuerint
1148 921 1229 974 notae

118 1005 310 1085 marginales,
323 1015 354 1066 et
365 1006 528 1084 singularia
540 1005 679 1085 quedam
691 1007 875 1069 Bartbiaua:
896 1028 1021 1088 quorum
1036 1017 1136 1070 autem
1149 1009 1227 1070 indi·

117 1104 200 1170 cium
212 1104 265 1166 rix
276 1103 453 1164 nominatim
464 1102 666 1183 deprehendes
676 1105 707 1164 in
721 1106 786 1185 ipso
799 1106 1021 1166 commentario.

124 1257 129 1270 ,
162 1207 243 1272 1093
264 1199 384 1280 Lipsiae,
402 1206 450 1260 12.
473 1199 511 1259 C.
535 1200 633 1260 Plinii
650 1199 733 1262 Grec.
754 1199 884 1260 Secundi
906 1201 1053 1283 Epistola
1073 1210 1105 1262 et
1122 1201 1229 1264 Pana·

119 1299 249 1378 gymnas.
290 1296 456 1356 Recensuit
464 1305 495 1356 et
505 1298 590 1358 novis
598 1298 815 1360 commentariis
824 1297 984 1360 illustravit
998 1299 1231 1380 christophorus

121 1394 456 1456 Cellarius..-Videtur
478 1393 628 1454 Gellarius
650 1396 681 1454 in
705 1395 886 1456 recensendo
910 1405 1055 1458 contextu
1083 1397 1229 1460 Pliniana

1 1523 2 1530 ι
119 1493 304 1574 potissimum
320 1491 563 1554 Boxhornianem
586 1491 747 1552 editionem
764 1501 883 1552 secutus
896 1513 968 1553 esse.
1010 1493 1117 1554 Vitam
1129 1493 1231 1556 Plinii

1 1649 2 1744 ἵ
118 1687 191 1748 nrt.

117 1589 325 1652 correctiorem
335 1589 487 1672 praemisit,
500 1609 590 1669 quam
603 1609 671 1671 quae
692 1589 880 1670 Lycosthene
900 1599 1021 1650 auctore
1039 1589 1136 1652 adhuc
1149 1590 1230 1652 lecta

163 1791 245 1844 1694
264 1784 394 1850 Viennae
404 1783 548 1856 Austriae,
561 1790 612 1844 12.
633 1779 855 1844 Latino-Attici
877 1783 1031 1846 Oratores.
1072 1783 1231 1866 Repetitio

119 1880 172 1944 ed.
185 1889 278 1942 loca.

165 1985 246 2040 1695
267 1977 363 2040 Halae
374 1977 448 2040 Sex.
463 1987 493 2039 8.
515 1977 554 2040 Ο.
569 1978 667 2038 Plinii
681 1979 766 2040 Caec.
778 1977 909 2039 Secundi
921 1979 1067 2060 Epistola
1077 1999 1117 2040 ex
1127 1999 1230 2040 recen·

118 2076 208 2148 sione,
216 2075 286 2138 lac.
299 2077 470 2138 Thomasii:
492 2085 570 2136 utet
583 2076 792 2155 Panegyricus
806 2077 903 2136 Plinii
920 2067 1058 2137 accurate
1071 2077 1229 2150 resolutus,

119 2182 155 2234 ct
173 2175 253 2234 notis
272 2175 446 2238 necessariis
466 2175 625 2234 instructus
638 2194 728 2254 opera
740 2181 771 2232 et
782 2172 881 2233 studio
896 2172 969 2232 Alb.
984 2173 1094 2234 Christ.
1104 2174 1229 2236 ¹Rothii.

119 2270 258 2332 -Notae
270 2271 378 2334 Rothii
391 2271 472 2334 haud
486 2271 586 2350 magni
608 2270 748 2330 momenti
762 2279 839 2330 sunt.
878 2269 921 2350 ⁴In
942 2271 1089 2352 plerisque
1111 2280 1234 2332 secutus

117 2377 167 2433 est
182 2367 433 2442 Kirchmaierum,
446 2369 496 2430 cui
514 2367 583 2444 inde
608 2376 640 2428 et
656 2387 694 2428 ea
716 2367 821 2428 tribuit
844 2387 912 2448 quae
934 2368 1062 2430 tribuere
1085 2367 1230 2434 debuerat

121 2466 237 2547 Lipsio.
1225 2499 1232 2546 2

164 2570 367 2628 1700-1703
388 2564 664 2626 Controuersiarum
678 2565 707 2624 in
732 2563 770 2624 Ο.
787 2563 883 2623 Plinii
904 2563 1036 2624 Secundi
1059 2563 1229 2642 Panegyri-

120 2681 203 2732 cum,
216 2671 281 2722 orm
292 2663 455 2732 sententiis,
478 2670 541 2722 tum
561 2661 700 2734 historiis,
723 2661 915 2740 formulisque
937 2681 989 2742 per
1012 2660 1231 2723 commissiones

120 2759 268 2828 oratorias
278 2757 452 2830 enodandis,
462 2757 684 2818 tractandarum
698 2757 822 2836 Agaues
836 2773 916 2819 v111.
930 2756 1055 2844 praeside
1065 2765 1096 2816 et
1110 2765 1230 2818 auctore

122 2855 297 2936 Christoph.
322 2856 417 2928 Behr,
445 2855 534 2934 Eloq.
547 2864 579 2914 et
599 2855 692 2916 Pods.
715 2855 804 2916 Prof.
819 2855 860 2915 P.
880 2855 909 2913 in
934 2853 1102 2936 Gymnasio
1126 2853 1230 2916 Geda·
1290 2921 1291 2926 η

120 2955 219 3025 nensi,
234 2959 265 3016 4.
310 2953 374 3014 Hae
388 2952 637 3014 controversiain
649 2951 800 3012 Athenaeo
821 2951 994 3012 (ledonensi
1002 2954 1153 3030 juventuti
1167 2962 1230 3012 stu·

120 3050 215 3113 diosae
228 3050 268 3110 ad
280 3049 491 3130 disputandum
506 3050 666 3130 propositae
680 3049 773 3118 fuere.
814 3048 854 3108 In
874 3049 921 3108 his
940 3050 1136 3110 exhibentur:
1158 3070 1230 3112 con·

121 3158 225 3218 textus
245 3149 336 3211 totius
355 3148 557 3229 Panegyrici5
579 3147 687 3208 deinde
710 3148 804 3230 Lipsii
827 3157 918 3221 notae,
938 3150 1046 3232 quibus
1068 3148 1232 3232 identidem

122 3247 306 3326 interspersa
328 3254 397 3306 sunt
417 3239 555 3325 quaedam
579 3245 684 3306 Behrii
707 3247 932 3316 annotationem
953 3247 1084 3313 interiori
1104 3247 1232 3326 margini

123 3343 252 3422 adjectae
269 3352 338 3404 sunt
355 3344 395 3404 ab
414 3343 528 3404 editore
549 3343 689 3424 quaedem
707 3344 938 3406 emendationes.
958 3344 1084 3422 ‚Nimis
1105 3365 1174 3406 vero
1201 3345 1230 3406 in

122 3442 315 3514 emendando
336 3441 444 3502 Plinio
464 3442 613 3502 animosus
634 3441 724 3502 fuisse
736 3442 869 3502 ·.videtur
891 3441 1035 3511 Bebrius;
1057 3439 1106 3502 -eo
1131 3449 1230 3528 tamen

122 3542 243 3602 nomine
254 3519 440 3610 laudanda,
460 3539 543 3619 quod
563 3539 786 3618 emendationes
806 3521 1030 3618 suas,·queinm
1047 3559 1079 3598 se
1103 3539 1233 3600 rationes

123 3639 306 3713 redditurum
320 3635 608 3718 promisit,·nondum
624 3638 679 3719 ipsi
692 3637 818 3698 orationi
832 3636 983 3698 Plinianae
998 3637 1124 3694 inserere
1143 3655 1232 3696 ausus

122 3746 181 3798 est.

166 3839 247 3898 1700
269 3831 390 3912 Lipsiae,
398 3838 449 3892 12.
472 3830 630 3913 Repetitio
640 3830 821 3892 Cellarianae
836 3851 864 3890 a.
879 3836 972 3892 1690.

164 3964 207 3976 -
228 3929 442 4008 Schleusingae‚
456 3937 486 3991 8.
508 3929 607 3990 Plinii
629 3929 835 4010 Panegyricus
857 3947 924 3990 cum
938 3927 1151 3992 exercitatione
1166 3926 1234 3988 Go-

122 4025 362 4088 dolr..Ludorici
375 4025 414 4088 ad
426 4045 505 4086 eum.

127 4173 133 4180 .
165 4129 248 4190 1701
269 4121 501 4193 Amstelodami,
515 4131 546 4185 8.
569 4123 753 4204 Panegyrici
767 4122 906 4196 Veteres,
920 4123 1038 4206 repetiti
1052 4101 1157 4184 ex'ed.
1176 4121 1231 4186 Ja-

122 4222 195 4294 cohi
205 4219 243 4280 de
258 4219 409 4293 lullanae
419 4241 450 4280 a.
462 4227 553 4286 1077.
1029 4309 1037 4318 .

190 4318 313 4384 Dalmat
325 4317 384 4368 Ver.
395 4319 461 4368 clar.
618 4319 710 4384 em.
723 4317 779 4370 Vet.
1108 4320 1123 4367 7
1140 4315 1165 4368 U
