2896 4834
397 323 735 388 ratsosarconou
758 315 955 382 vairans.
1138 311 1229 386 2881

115 487 177 538 sna
182 475 304 540 aliena:
323 481 456 538 ceterum
468 475 616 536 interdum
628 475 718 538 nimis
731 475 922 558 pertinaciter
935 475 1079 538 lectiones
1097 477 1233 558 valgia·

117 575 245 637 videtur
253 573 434 634 defendisse.

164 705 208 718 -·-
228 671 369 742 Viennae,
379 677 410 731 8.
431 669 579 752 Epistola
597 679 629 731 et
641 670 850 752 Panegyricus
856 690 886 733 c.
899 689 930 733 ιι.
945 667 1052 734 Germ.
1067 689 1117 752 ap.
1132 669 1232 732 Krau-

118 789 248 930 mll’lliit)
261 865 384 946 Lipsiae,
396 859 435 926 (i.
447 865 544 926 Plinii
555 865 672 926 cecilii
683 864 815 926 Secundi
825 865 1028 946 Epistularum
1037 863 1107 924 libri
1116 863 1232 928 decem.

121 962 271 1041 Ejusdem
283 963 457 1024 Gratiarum
469 962 564 1022 Actio
580 963 644 1023 sive
664 963 883 1042 Panegyricus,
906 981 974 1023 oum
991 962 1233 1022 annotationibus

120 1059 277 1139 perpetuis
288 1058 344 1120 Jo.
362 1059 503 1118 Matthia
517 1059 656 1130 Gesneri,
669 1060 723 1139 qui
743 1059 834 1119 etiam
847 1061 942 1120 vitam
955 1059 1055 1120 Plinii
1067 1067 1099 1119 et
1111 1057 1233 1120 Iudices

121 1156 271 1216 auctiores
282 1155 555 1235 emendationesque
567 1154 664 1216 dedit.
705 1155 827 1236 Lipsiae,
842 1157 988 1216 sumtibus
1009 1155 1138 1238 Caspari
1151 1156 1231 1218 Frit-

119 1255 210 1314 aobii.
250 1254 358 1314 Editio
369 1253 562 1334 exemplaris,
575 1254 706 1312 maxime
717 1273 758 1314 ex
770 1273 831 1332 quo
844 1253 974 1335 repetita
986 1261 1018 1314 et
1035 1255 1115 1314 curis
1125 1273 1231 1316 aoeuu·

120 1353 170 1412 dis
180 1359 272 1412 aucta
280 1351 339 1412 fuit
350 1371 399 1412 an.
416 1357 508 1414 1770.

164 1455 250 1512 1748
267 1447 488 1526 Νοιίιιιίιειῃ,
506 1454 536 1508 4.
558 1445 597 1508 C.
618 1446 717 1507 Plinii
730 1445 849 1508 cecilii
869 1445 1001 1510 Secundi
1023 1445 1232 1526 Panegyricus

120 1545 240 1606 cesari
258 1544 339 1626 Imp.
360 1544 475 1606 Nerva
487 1545 621 1624 Trojano
642 1545 750 1606 dictos.
794 1545 896 1612 Quem
915 1565 954 1604 ex
976 1561 1045 1606 ιιιι.
1066 1544 1233 1606 codicibus

120 1642 201 1703 Mes.
214 1643 356 1723 librisque
367 1641 486 1702 collatis
497 1643 656 1712 recensuit,
677 1662 715 1702 ac
733 1642 812 1702 notis
830 1641 1146 1720 observationibusque
1159 1641 1232 1702 item

13 1765 14 1824 }
118 1748 154 1804 ot
178 1742 309 1801 nummis
335 1759 393 1800 aare
414 1739 571 1820 exscriptis
595 1739 767 1811 illustravit,
787 1738 937 1818 simulque
958 1737 1085 1816 adjectis
1108 1738 1232 1817 integris

120 1838 234 1918 pariter
247 1846 337 1916 atque
350 1838 498 1917 excerptis
510 1837 641 1896 virorum
662 1837 845 1897 cruditorum
865 1835 1163 1896 commentationibus
1183 1836 1230 1894 in·

13 1925 14 1994 ζ
118 1933 233 1994 struxit
256 1933 445 1994 Christianos
458 1932 558 1994 Gottl.
574 1931 773 2004 Schwarzius,
788 1933 873 1994 Saor.
891 1932 972 1992 Cass.
994 1931 1122 2011 Majest.
1141 1933 1231 1996 Com.

13 2037 15 2100 ξ
120 2028 199 2090 Pal.
220 2029 323 2092 Acad.
348 2028 464 2091 Altorl'.
484 2029 572 2090 Prot.
594 2029 689 2088 Publ.
699 2040 732 2090 et
741 2030 858 2091 Senior.
894 2028 1117 2108 Norimbergae‚
1128 2039 1230 2090 sumtu

13 2113 15 2216 Ξ
119 2125 172 2188 Jo.
187 2126 300 2207 Georg.
316 2127 620 2190 inchoari-Editio
633 2127 830 2208 superioribus
840 2125 1075 2186 omnibusiacile
1088 2126 1229 2206 superior.

162 2231 367 2289 1748-1748
387 2223 512 2285 Altorfii
532 2223 725 2293 Noricorum.
751 2231 782 2284 4.
803 2240 851 2283 1v.
872 2223 961 2284 Part
994 2221 1106 2284 Christ.
1130 2221 1229 2284 Gottl.

121 2321 290 2382 Schwaraii
300 2321 532 2382 Observationes
544 2321 745 2401 Philologicoe
755 2320 795 2381 ad
806 2306 931 2381 Claudii
942 2319 1117 2380 Mamertini
1125 2319 1230 2381 Paua-

120 2419 257 2499 gyricum
268 2418 497 2478 Genetliliacum
511 2418 703 2478 Maximiano
716 2419 800 2496 Aug.
813 2418 939 2478 dictum.
1164 2464 1168 2472 .

164 2523 246 2580 1748
266 2516 374 2589 Halm,
387 2523 439 2578 12.
460 2515 501 2576 C.
515 2515 613 2576 Plinii
627 2515 710 2576 Ooec.
726 2515 856 2576 Secundi
870 2515 1016 2595 Epistola
1037 2522 1070 2574 et
1084 2514 1229 2596 Panegy-

120 2615 210 2674 ricus.
252 2613 360 2684 Halae,
371 2615 516 2674 sumtibus
529 2611 971 2694 Orphanotrophei.-Nullius
982 2613 1081 2694 pretii.

16 2696 17 2702 ἵ
161 2747 204 2758 -
225 2711 374 2784 Berolini,
387 2720 418 2773 8.
440 2710 479 2774 C.
492 2712 588 2772 Plinii
601 2713 820 2792 Panegyricus,
833 2709 933 2772 studio
948 2718 982 2770 et
996 2731 1088 2791 opera
1101 2708 1139 2771 F.
1156 2709 1228 2771 Mu·

122 2809 204 2868 aelii.

161 2913 244 2970 1748
264 2907 400 2978 Parisiis,
416 2913 466 2968 12.
481 2907 520 2968 O.
530 2907 627 2968 Plinii
634 2908 719 2969 Goec.
732 2906 802 2968 Sec.
814 2904 998 2986 Epistoloeet
1009 2903 1228 2986 Panegyricus.

16 3027 17 3038 ι
121 3003 228 3063 Editio
242 3024 330 3064 nova.
372 3004 540 3066 Recensuit
561 3013 593 3066 et
613 3006 691 3065 notis
703 3004 864 3065 illustravit
876 3002 928 3063 Jo.
939 3001 1014 3062 Nic.
1037 3001 1228 3075 Lallemaud,

16 3179 17 3183 Ἰ
120 3100 153 3158 in
180 3099 360 3160 Marohiauo
376 3100 551 3162 Rhetorica
577 3101 745 3162 Professor.
773 3100 912 3173 Parisiis,
939 3099 1020 3182 apud
1044 3098 1173 3162 Desaiut
1193 3108 1229 3162 et

121 3195 412 3258 scitisne-Editio
424 3199 521 3260 nitida
532 3207 564 3260 et
576 3209 727 3261 accurata.

15 3375 16 3380 ἵ
162 3327 204 3340 ·-
226 3292 391 3374 Gottingae,
404 3303 434 3358 8.
457 3295 496 3356 O.
518 3296 616 3356 Plinii
639 3295 856 3377 Panegyricus,
877 3304 941 3356 tum
963 3294 1095 3368 aliunde,
1111 3303 1175 3356 tum
1188 3317 1227 3358 ex

15 3413 16 3440 ι
119 3391 379 3452 observationibus
402 3391 515 3456 Christ.
534 3393 633 3456 Gottl.
649 3392 814 3454 Schwerzii
834 3391 1006 3454 emendatus
1018 3413 1037 3452 a
1049 3392 1099 3454 Jo.
1112 3393 1228 3456 Mattb.
1356 3443 1361 3454 .

14 3543 15 3546 ,
121 3487 268 3550 Gesnero.
301 3488 406 3549 Editio
418 3490 560 3552 secunda.
600 3489 646 3551 A.
661 3489 889 3550 Vandenhceck.
1030 3541 1032 3544 .

161 3593 244 3650 1750
266 3585 412 3658 Berolini,
426 3587 609 3650 8.11.Tom.
645 3587 684 3648 0.
698 3587 795 3648 Plinii
806 3585 951 3668 Epistola
963 3595 996 3646 et
1007 3585 1226 3666 Panegyricus,

15 3666 16 3686 Χ
121 3683 191 3745 Lat.
205 3691 237 3742 et
251 3681 336 3742 Gall.
348 3693 469 3744 curante
482 3684 533 3748 Jo.
545 3683 632 3746 Petr.
648 3681 782 3744 Millero.

16 3785 17 3820 ³
113 3829 119 3836 .
161 3787 243 3844 1781
265 3779 423 3859 Glasguae,
434 3788 465 3844 4.
487 3781 527 3843 O.
542 3782 640 3842 Plinii
657 3781 773 3844 Caecilii
783 3779 915 3842 Secundi
928 3781 1032 3860 Opera
1042 3797 1112 3859 quae
1122 3797 1226 3860 super-

117 3887 189 3940 sunt
210 3879 321 3940 omnia.
363 3877 521 3958 (slogia,
541 3881 573 3940 in
596 3881 711 3942 aedibos
730 3879 927 3940 Academicis
943 3876 1136 3938 excudebaut
1158 3875 1225 3938 Ror

16 3954 20 4049 Ι
119 3977 266 4036 berurset
277 3974 419 4036 Andreas
432 3976 692 4040 Foulis.·-Editio
704 3976 870 4060 splendida.
912 3975 966 4038 (li.
982 3973 1084 4038 catal.
1097 3974 1136 4036 de
1150 3972 1224 4036 Cre·

16 4056 20 4155 l
121 4093 220 4136 venua
233 4071 372 4136 Vol-tv.
382 4094 412 4154 p.
423 4080 496 4138 278.

133 4205 203 4237 ,-
225 4169 340 4234 Eadem
353 4170 428 4234 ibid.
443 4178 493 4236 12.
509 4187 564 4238 ιιι.
578 4173 651 4238 voll.
