2896 4834
240 345 331 422 ales
501 385 504 394 ·
569 371 768 424 ascensus
803 371 1022 429 snrnronuu

283 520 361 579 1703
383 515 507 594 Oronti,
519 523 549 577 8.
573 517 611 578 O.
623 515 720 577 Plinii
739 516 883 598 Epistola
896 528 929 580 et
940 519 1160 602 Panegyricus,
1171 509 1240 583 cum
1252 523 1351 584 variis

236 614 413 676 lectionibus
432 624 463 675 et
476 616 725 677 annotationibus.
766 615 899 677 Accedit
919 617 995 678 Vita
1016 619 1114 679 Plinii
1132 619 1239 682 ordine
1259 621 1348 682 chro-

237 713 375 792 nologico
399 713 523 792 digesta.
575 713 681 774 Edidit
704 713 836 774 Thomas
858 715 993 776 Heame.
1045 717 1160 778 Oxonii
1184 740 1203 778 e
1225 719 1348 780 theatro

238 807 602 872 Sheldoniano.-Editur
621 813 671 872 hic
693 821 866 872 contextum
889 813 1093 894 Epistularum
1106 823 1139 874 et
1155 816 1345 897 Panegyrici

235 909 419 988 potissimum
432 908 471 968 ad
485 908 575 968 fidem
589 909 638 971 ed.
654 910 853 971 Elzeririanae
866 913 1012 974 exhibuit.
1055 913 1344 994 Epistolasquiden

233 1017 303 1066 eum
324 1007 418 1075 tribus
440 1007 527 1078 codd.
548 1009 624 1070 Mas.
642 1007 786 1069 contulit:
808 1018 840 1070 at
862 1009 1044 1090 Panegyrici
1064 1009 1182 1072 Codice
1197 1011 1259 1073 ills.
1284 1011 1346 1072 snit

235 1101 403 1166 destitutus.
444 1105 570 1164 Interim
588 1127 658 1165 usus
671 1114 716 1166 est
732 1105 795 1166 illis
808 1107 886 1166 notis
899 1108 1049 1187 variisque
1063 1107 1252 1180 lectionibus,
1266 1129 1346 1189 quas

177 1266 181 1274 ,
233 1199 264 1260 in
278 1193 410 1280 margine
433 1202 481 1265 ed.
504 1203 716 1284 Stephanianae
737 1205 768 1264 in
788 1204 971 1265 bibliotheca
992 1205 1162 1266 Bodleiano
1187 1207 1346 1268 invenerat

232 1299 358 1379 scriptas
368 1309 457 1359 manu
470 1299 535 1362 Jos.
552 1300 718 1380 Scaligeri;
741 1321 797 1361 nec
818 1321 878 1361 non
900 1301 965 1362 aliis
987 1302 1018 1361 id
1037 1323 1129 1382 genus
1150 1303 1343 1377 lectionibus,

232 1412 308 1474 quas
320 1417 359 1456 ex
370 1418 423 1457 ora
433 1397 571 1457 editionis
585 1397 708 1457 Aldinae
726 1398 755 1457 in
770 1396 852 1458 dicta
864 1398 1047 1459 bibliotheca
1059 1400 1195 1480 repositae
1214 1421 1344 1482 excerp-

231 1493 280 1554 sit.
322 1491 402 1574 Ipsae
416 1494 492 1554 adeo
502 1503 581 1554 notae
594 1493 652 1554 Th.
667 1494 793 1554 Hearne
816 1503 883 1555 sunt
902 1497 1071 1575 perbreves,
1092 1505 1123 1556 et
1144 1496 1208 1558 fere
1221 1495 1342 1560 tantum

230 1591 470 1670 complectuntur
488 1593 637 1652 variantes
652 1592 724 1652 istas
743 1591 891 1670 Scaligeri
917 1592 1071 1664 lectiones,
1095 1613 1135 1654 ex
1162 1595 1342 1675 cuspiniani

230 1689 416 1765 potissimum
430 1689 559 1749 editione
572 1689 726 1761 collectas,
740 1709 874 1770 quasque
888 1689 966 1750 Aldi
979 1699 1010 1752 et
1026 1691 1172 1772 Stephani
1183 1693 1342 1774 exempla-

229 1783 276 1842 ria
289 1787 528 1865 suppeditarunt.
567 1785 674 1846 Vitam
694 1787 791 1846 Plinii
811 1785 901 1846 debet
922 1787 973 1849 Jo.
993 1789 1145 1848 Massono.
1188 1788 1252 1849 Sed
1271 1791 1339 1852 haec
1377 1845 1379 1848 .

228 1882 370 1941 sexennio
387 1892 454 1964 post
476 1883 591 1943 auctior
609 1883 691 1943 edita
705 1892 749 1943 est
773 1883 945 1948 Amstelod.
969 1906 1018 1966 ap.
1039 1884 1340 1949 lensech-Waesber·

230 1979 293 2058 gros
304 1985 394 2043 1709.
409 1988 439 2040 a.
1274 1993 1286 2002 ·

268 2113 310 2124 -
331 2078 426 2139 Halae
440 2077 547 2158 Magd.
561 2087 590 2140 8.
613 2078 783 2140 Duodecim
798 2079 982 2160 Panegyrici
997 2079 1125 2141 Veteres
1138 2101 1177 2140 ex
1190 2081 1303 2144 saeculo
1316 2105 1337 2144 a

228 2173 420 2237 Diocletiano
433 2177 472 2236 ad
484 2176 683 2236 Theodosium
696 2177 879 2258 superstites,
892 2178 1028 2236 recensiti
1049 2186 1080 2238 et
1093 2177 1340 2240 adnotationibus

226 2269 366 2334 illustrati
379 2293 398 2333 a
412 2273 584 2354 christoph.
607 2273 753 2344 Cellario,
775 2274 827 2353 qui
851 2282 882 2332 et
898 2273 1021 2333 Indices
1037 2275 1216 2354 copiosiores
1235 2296 1335 2338 rerum

226 2379 257 2430 et
269 2374 426 2432 verborum
441 2371 564 2450 adjecit.
605 2371 701 2431 Halae
717 2371 863 2450 Magdeb.
877 2379 973 2431 sumtu
986 2370 1036 2432 Jo.
1050 2371 1183 2432 Bielclrii
1197 2372 1336 2456 Bibliop.

225 2467 295 2530 Jen.
309 2469 404 2551 Typis
418 2469 490 2532 Chr.
506 2468 686 2540 Henckelii,
700 2467 804 2528 Acad.
815 2467 946 2548 Typogr.

265 2573 347 2631 1708
367 2565 516 2639 Venetiis,
535 2574 566 2628 8.
581 2559 787 2647 'Panegyricae
809 2567 971 2626 Orationes
993 2557 1139 2628 Veterum
1159 2566 1335 2630 Oratorem.

225 2661 319 2724 Notis
338 2686 375 2726 ao
392 2663 618 2726 numismatibus
635 2663 807 2736 illustrarit,
833 2674 864 2724 et
891 2661 1034 2724 Italicam
1059 2665 1336 2746 interpretationem

224 2761 338 2841 adjecit
359 2763 450 2824 Laur.
473 2763 614 2824 Patarol.
637 2761 750 2842 Venet.
769 2761 850 2844 apud
871 2761 945 2822 Nic.
964 2761 1119 2823 Pennana.
1162 2761 1289 2822 Vidad
1302 2785 1333 2826 a.

223 2861 315 2923 1719.
707 2863 712 2874 “
1042 2893 1047 2902 ·
1163 2895 1166 2902 ·

263 2963 344 3021 1711
366 2957 488 3040 Lipsiae,
501 2965 551 3018 12.
574 2957 613 3020 0.
626 2955 723 3018 Plinii
736 2955 883 3038 Epistolae
897 2964 928 3016 et
945 2954 1164 3036 Panegyricus,
1177 2975 1216 3016 err
1230 2973 1335 3018 raesn·

222 3053 303 3114 sione
318 3045 429 3116 etcum
447 3055 665 3117 commentariis
679 3054 851 3135 Christoph.
867 3052 1002 3114 cellarii.
1044 3052 1201 3119 Quasdam
1213 3055 1336 3116 notulas

222 3152 335 3232 adjecit
347 3154 396 3214 M.
410 3154 459 3215 Jo.
476 3154 586 3215 Christ.
603 3153 740 3232 Herzog.
756 3151 876 3233 Lipsiae,
891 3151 971 3232 apud
983 3150 1130 3210 Thomam
1141 3149 1333 3216 Fritschium.

221 3249 346 3311 -Haec
360 3249 408 3310 ed.
422 3271 461 3312 ex
475 3251 655 3332 typographi
675 3259 707 3310 et
719 3249 892 3311 correctoris
907 3249 1106 3329 negligentia,
1121 3247 1184 3308 fere
1196 3251 1331 3312 omnium

221 3354 267 3406 est
280 3347 478 3409 vitiosissima.
859 3408 860 3411 ,

263 3451 344 3508 1712
366 3445 487 3527 Lipsiae,
506 3451 557 3506 12.
579 3443 617 3506 C.
634 3444 733 3506 Plinii
748 3445 891 3527 Epistulae
904 3453 935 3505 et
955 3445 1182 3526 Panegyricus:
1203 3443 1243 3506 ad
1263 3465 1331 3508 mo·

219 3541 292 3604 dum
304 3545 451 3604 Johannis
462 3543 596 3606 Minellii
609 3543 770 3605 illustravit
783 3543 815 3605 J.
831 3543 867 3605 F.
882 3543 1096 3605 Weinrichius.

198 3639 224 3682 Γ
259 3649 342 3707 1716
363 3641 503 3715 Londini,
522 3650 552 3703 8.
575 3641 613 3702 0.
633 3641 732 3702 Plinii
752 3641 962 3722 Panegyricus
982 3639 1115 3718 Trajano
1132 3639 1243 3712 dictas,
1266 3645 1330 3706 dre.
1443 3679 1444 3716 r

219 3741 457 3821 interpretatione
475 3749 507 3800 et
529 3741 608 3813 notis
624 3739 784 3802 illustravit
796 3739 864 3800 Jac.
880 3739 929 3798 De
943 3737 974 3798 la
985 3737 1103 3809 Baune,
1118 3736 1157 3798 ad
1170 3757 1255 3796 usum
1271 3737 1330 3800 Se·
1443 3747 1444 3806 l

217 3838 360 3898 renissimi
374 3838 530 3919 Delphini.
572 3837 658 3900 Huic
677 3838 800 3900 editioni
819 3837 969 3898 adduntur
983 3833 1120 3915 quadam
1138 3843 1217 3894 notae
1233 3835 1330 3897 selec·

218 3935 308 3994 tiores
321 3935 425 4016 Lipsii,
440 3935 579 4007 Livineii,
599 3935 748 4008 Cataraei,
769 3935 906 4017 Rayani,
921 3932 1044 4005 Baudii,
1066 3932 1275 4004 Rittershusii,
1298 3942 1332 3994 et

218 4031 354 4116 aliorum.
397 4031 436 4092 In
449 4053 535 4092 usum
549 4032 668 4092 Scholae
689 4031 893 4093 Mercatorum
912 4027 1225 4092 Scissorum.-Hano
1237 4028 1328 4090 editi-
1443 4063 1444 4080 .

217 4131 317 4200 onem,
331 4129 412 4210 quod
425 4147 464 4189 ex
474 4128 661 4190 dedicatione
674 4137 768 4212 patet,
778 4131 898 4202 curarit
908 4127 985 4188 uno.
1004 4125 1135 4188 Parsell.
1177 4125 1326 4187 Selectio·

217 4247 264 4286 res
277 4226 424 4286 variorum
438 4235 516 4287 notoe
529 4227 607 4289 calci
621 4225 690 4288 libri
711 4227 774 4290 sine
790 4225 962 4308 discrimine
982 4223 1201 4286 et‘uomiuibus
1220 4232 1329 4286 aucto·
1443 4251 1444 4268 ³

217 4345 281 4387 rum
295 4323 486 4406 adjiciuntur.
