2956 4846
249 339 337 408 2244
600 353 708 404 ιιοιιι
732 351 935 405 vaninassu
959 352 1000 402 iu

250 498 376 554 deacribit
403 497 484 548 stiam
502 495 638 550 Annisn.
659 496 780 548 Marcell.
818 493 914 546 artase‘
930 495 973 546 ubi
987 501 1076 550 tanuen
1087 495 1095 526 ⁸
1107 493 1210 559 tepidI’
1227 497 1351 560 pretule-

250 593 321 634 ω.
337 582 363 630 t.
380 577 490 628 Patami.
525 575 782 626 ciceroParad.rs.
817 573 875 622 rim.
910 571 1060 638 Cupiditctcr
1076 585 1108 622 es
1127 580 1169 622 est
1183 573 1288 622 notione
1306 588 1351 622 oa-

251 662 275 708 1.
292 653 337 705 ‘0
358 654 401 702 Dii
421 653 596 702 immortales!
618 665 671 701 nnn
685 650 781 700 intelii·
818 650 949 714 piendum,
960 649 995 700 de
1006 649 1123 714 quadisi
1140 648 1174 698 ad
1190 649 1286 700 Nasar.
1298 649 1351 700 Pa-

251 739 316 798 gnnt
332 730 458 790 homiues,
474 743 550 794 quam
568 727 781 792 megnurnrecti·
817 729 1153 791 neg.xxxv111.o..tru2.
1228 787 1232 798 ι

251 810 294 876 pai
304 807 337 858 sit
348 804 522 871 parsimonie?
532 807 627 868 degn.
850 803 1026 869 Prodigeiant]
1038 805 1078 854 De
1091 805 1139 854 hac
1149 817 1223 861 roce,
1232 810 1261 854 et
1271 803 1280 832 ‘
1291 819 1352 868 pro·

272 882 351 946 susa]
370 884 402 934 Iu
419 883 565 932 Schonhor.
584 880 719 946 excerptis
740 889 781 930 est
818 881 914 946 digus*
934 883 1063 948 elegenda
1089 881 1168 932 habet
1188 881 1354 933 Marckiand.

247 963 396 1027 parcimonia
414 967 472 1020 tacu
491 961 582 1010 metior
600 959 683 1010 altere
699 958 781 1021 scrip·
819 957 906 1022 Epist.
917 957 985 1010 Crit.
996 958 1029 1008 ad
1041 959 1075 1007 F·
1086 957 1158 1008 Hane
1168 972 1194 1022 p.
1206 962 1247 1008 88.
1263 959 1341 1008 Idem.

251 1038 456 1102 turaa⁸parsi.'
487 1036 530 1088 cf.
550 1035 713 1100 Derrsquinrn
730 1034 781 1086 Or·
851 1034 1352 1102 cue.xr.§1seerertscietoes]vox
1395 1094 1403 1114 O

251 1113 663 1178 thoqr.part.11.p.2³2.Arete.
818 1114 903 1172 ceteris
925 1113 999 1164 abest
1018 1113 1104 1164 Moeri.
1123 1120 1151 1162 et
1170 1111 1240 1161 Gnd.
1258 1113 1353 1162 omissa

285 1191 406 1252 Prodigus
419 1186 574 1252 cupiditates]
603 1188 672 1250 Lege
684 1186 782 1250 prqsuu
818 1189 933 1242 iortasse
950 1190 1019 1253 ideo,
1035 1191 1095 1254 quia
1112 1188 1260 1253 Imperator
1276 1189 1353 1240 inni-

251 1272 304 1320 dae.
332 1269 426 1318 Faber.
459 1266 576 1330 Propriae
595 1265 657 1316 Vet.
680 1264 781 1314 Bertin.
819 1267 888 1318 rium
900 1279 1006 1318 numero
1018 1267 1165 1318 haberinon
1178 1279 1254 1328 posse
1263 1279 1354 1314 emen·

248 1346 394 1410 cupiditates
418 1343 525 1408 proprius
556 1343 664 1405 Cuspio.
700 1342 781 1392 diois.
819 1344 904 1394 datori
928 1343 1075 1394 videbatur.
1110 1340 1205 1392 Verum
1228 1349 1256 1392 et
1277 1341 1349 1404 ipsos

251 1423 327 1473 Idem
337 1421 410 1472 verbi
421 1420 459 1470 bis
472 1420 532 1483 poni
543 1417 625 1470 rides.
643 1417 685 1468 An
697 1433 730 1466 ex
742 1418 782 1466 in·
821 1421 936 1472 Cereres
949 1433 980 1469 an
999 1417 1147 1484 Principes,
1162 1419 1278 1480 quumvis
1294 1433 1353 1468 ons·

252 1500 354 1552 dustria
363 1496 495 1550 auctoris?
512 1495 594 1546 Peene
606 1495 660 1559 jam
673 1495 735 1544 illuc
745 1494 782 1544 la·
820 1495 903 1561 tedes,
928 1496 1098 1562 vindicesque
1122 1493 1213 1544 salutis
1237 1493 1352 1558 publicae

251 1575 477 1639 bor,utcredau1.
503 1573 621 1624 Probare
632 1586 684 1622 nnn
696 1579 783 1622 tamen
819 1574 909 1626 haberi
924 1574 1058 1635 volebant,
1075 1571 1186 1623 ‘'cires'
1204 1572 1353 1637 appellatos

252 1667 357 1718 possum
377 1648 548 1712 βοποληῑαν.
571 1647 668 1700 Acidai'.
700 1649 783 1698 Voca-
820 1665 877 1700 esse
889 1658 1002 1702 constat.
1024 1650 1087 1702 vid.
1098 1650 1228 1700 Schnars.
1237 1647 1269 1698 ad
1281 1647 1353 1698 Ptin.

253 1731 343 1790 butun
353 1729 451 1793 propria
463 1727 529 1778 adeo
543 1725 666 1790 frequens
684 1733 725 1774 eat
744 1724 783 1774 his
820 1741 946 1778 anxur.
958 1731 973 1794 §
983 1731 1009 1778 4.
1026 1728 1120 1789 Joeger.

253 1807 411 1866 oratoribus,
430 1812 460 1854 nt
472 1802 581 1854 fortius
596 1800 783 1862 revocandum,
853 1797 993 1868 Spiesdorq
1009 1804 1063 1868 sed]
1081 1803 1166 1853 Deest
1178 1802 1234 1866 jorn
1253 1802 1279 1852 in
1299 1801 1355 1852 Pu·

253 1893 333 1950 amne
346 1879 513 1934 scribendum
531 1880 576 1942 sit,
592 1878 707 1943 quidquid
721 1879 784 1929 enisa
822 1881 917 1932 teolnn.
937 1880 988 1930 Ed.
1004 1879 1049 1930 scd
1071 1879 1257 1944 cuspinieucm
1279 1893 1354 1933 seen·

252 1963 298 2014 clii
313 1963 340 2012 ia
354 1977 407 2026 cap.
423 1959 530 2024 proprias
544 1956 709 2022 prodigebant·
741 1955 785 2006 Ita
821 1961 863 2006 tua
882 1957 981 2021 primur
998 1955 1073 2006 dedit
1091 1955 1178 2006 Pauli.
1194 1955 1354 2019 Stephanus,

253 2042 417 2106 sanaiegitur
426 2041 452 2090 in
460 2036 650 2098 liis-Gudiano,
658 2049 716 2084 oum
724 2034 786 2084 edd.
822 2039 849 2081 et
867 2041 1005 2098 sequentes
1027 2037 1126 2096 praeter
1149 2031 1290 2082 Riainuru:
1311 2046 1354 2082 sne

253 2122 384 2183 ingerant,
400 2116 513 2182 quidquid
525 2115 588 2165 raim
603 2114 647 2164 ulii
661 2113 688 2163 irs
702 2113 784 2177 prodi·
822 2110 926 2176 quidem
940 2109 1041 2173 judice,
1054 2119 1135 2174 recte,
1152 2116 1182 2158 ut
1198 2109 1306 2172 glorians
1320 2124 1355 2159 ex

252 2212 299 2260 gae
305 2194 449 2260 cupiditates
456 2191 630 2258 prodigebant:
642 2205 718 2256 quarn
724 2193 784 2246 βατ-
822 2187 931 2238 fortibus
941 2186 1019 2238 iactis
1032 2187 1139 2237 indicet.
1156 2188 1244 2238 Arete.

253 2273 380 2336 romine,
400 2273 492 2322 rnirurn
510 2277 563 2330 eet,
584 2268 653 2334 quod
670 2267 785 2318 editores
855 2263 1025 2329 θεραπηίην]
1048 2263 1221 2327 Dignissimus
1240 2272 1290 2327 ert,
1308 2265 1354 2330 qui

254 2363 418 2415 concoquere
444 2346 586 2412 potuerint,
612 2358 671 2394 cnm
694 2351 785 2392 nostre
822 2341 874 2400 hin,
885 2351 912 2393 et
924 2342 1100 2407 udaequentie
1111 2342 1282 2400 adscribetur.
1294 2345 1353 2395 Sal·

253 2419 785 2485 istaast.desuustescripturedudum
825 2420 896 2470 iustii
916 2421 987 2470 iocur
1010 2418 1087 2470 Orat.
1105 2419 1138 2469 ad
1157 2420 1255 2470 Censen.
1276 2423 1290 2483 q
1312 2425 1356 2471 11.

254 2505 334 2556 stiam
355 2503 389 2554 sb
409 2501 528 2566 ¹Antonio
555 2498 719 2549 Sohonhovio
738 2509 785 2562 pro
823 2496 939 2562 ‘Neque
966 2497 1043 2547 eiiter
1071 2495 1205 2562 quisquam
1228 2497 1355 2546 extoliere

240 2584 424 2645 -diserepante
451 2578 563 2628 lectione
590 2575 716 2626 adnotate
743 2575 785 2625 sit.
823 2589 893 2638 rese,
915 2573 1055 2624 atsdirina
1079 2574 1195 2624 mortsiis
1217 2573 1356 2636 adtingere

254 2660 320 2712 Aeto
341 2657 486 2723 Liprieneic,
505 2671 529 2706 a.
554 2658 628 2705 1726.
647 2669 706 2718 pag.
727 2656 785 2702 469.
824 2656 922 2716 potest,
935 2649 1105 2714 nisi,ornissis
1122 2649 1240 2714 pecunie
1258 2655 1286 2698 et
1298 2664 1356 2700 nor·

253 2737 323 2787 Satis
334 2735 453 2800 speciose
464 2747 513 2796 pro
525 2732 642 2796 prodigae
656 2731 688 2780 P.
699 2730 786 2780 Faber
824 2730 894 2796 poris
910 2730 1022 2794 gaudiis,
1040 2729 1126 2779 auimo
1141 2729 1287 2792 indulgens,
1302 2745 1355 2780 non

253 2813 307 2877 legi
314 2813 392 2877 jubet
400 2811 539 2874 prqsusrdas,
552 2810 570 2858 i.
581 2824 605 2858 e.
618 2807 786 2857 insatiabiles·
825 2807 997 2870 adsentando,
1023 2818 1107 2868 neque
1127 2805 1266 2870 concupita
1287 2822 1357 2870 pres·

255 2890 308 2940 Sed
329 2890 469 2938 certiorem
496 2885 651 2935 medicinam
674 2883 786 2947 petimus
823 2883 910 2934 bendo
922 2897 1067 2948 perversum
1080 2883 1187 2947 gratiam
1196 2882 1357 2948 gratificans,

255 2961 785 3026 excodd.Meeri.Gud.Schonh.quipre-
824 2961 870 3010 sed
891 2961 917 3009 in
938 2959 1036 3022 labore,
1063 2959 1202 3025 patientia,
1229 2959 1357 3025 bonisque

251 3045 321 3111 prius
336 3042 445 3106 habent,
462 3056 521 3106 quas
533 3039 541 3067 ⁴
554 3038 642 3089 usibus
656 3035 785 3099 publicis’
824 3037 973 3099 praeceptis,
990 3043 1018 3084 et
1033 3034 1110 3084 fectis
1126 3033 1238 3085 fortibus
1256 3039 1358 3088 exerei-

254 3123 508 3185 seitaoppcnuntnr.
523 3119 615 3178 degeo.
651 3114 690 3162 De
699 3128 785 3163 emen·
824 3112 914 3161 tando.
948 3109 1141 3168 mindunium,
1154 3113 1298 3162 nutritiam
1311 3130 1357 3164 ex·

255 3198 367 3248 dationis
380 3195 491 3245 veritate
500 3193 569 3244 nulia
577 3190 713 3244 dubitatio,
726 3204 785 3252 pro·
824 3196 936 3251 struere,
953 3202 1062 3252 eamque
1075 3188 1163 3252 signis,
1175 3190 1274 3252 auleis,
1285 3191 1356 3241 alii..

254 3273 325 3324 batn
346 3285 449 3336 quoqne
472 3286 488 3319 a
509 3270 565 3319 viro
592 3267 693 3316 cierise.
716 3266 784 3316 Bibi.
826 3283 874 3330 que
889 3266 1009 3330 operibus
1022 3280 1158 3323 exornare,
1170 3275 1198 3316 et
1209 3271 1298 3317 onia
1309 3283 1357 3332 po·

256 3350 322 3400 Crit.
335 3347 386 3398 roi.
399 3361 430 3398 ιι.
442 3352 511 3411 part.
528 3359 549 3396 ι.
559 3360 586 3410 p.
597 3347 638 3394 tl.
654 3351 682 3392 et
694 3358 710 3391 e
722 3343 784 3393 Cor·
825 3346 886 3405 tius,
899 3359 975 3409 quam
987 3351 1072 3393 semet
1089 3343 1232 3407 visendum,
1243 3342 1359 3404 efficere,

254 3427 294 3477 tio
305 3427 332 3476 in
344 3425 460 3488 margine
477 3422 519 3472 ad.
533 3437 597 3478 suec,
613 3419 682 3470 forte
695 3433 784 3470 eorum
826 3421 852 3470 id
875 3429 924 3478 est,
943 3435 995 3470 nou
1015 3421 1121 3470 divitias
1140 3421 1227 3472 decori
1249 3421 1359 3494 hebere,

255 3517 357 3570 quoque
380 3506 495 3558 auctore,
513 3513 572 3564 quae
591 3512 624 3547 ex
641 3494 703 3548 Act.
722 3496 784 3558 Lip·
824 3497 870 3548 sed
883 3498 965 3563 ipsum
978 3497 1028 3546 iiiia
1039 3495 1140 3560 flagitio
1152 3497 1227 3548 esse.'
1246 3497 1323 3550 Idem.

255 3581 334 3649 siens.
350 3577 487 3642 adscripsi,
503 3575 571 3641 quod
591 3588 625 3623 en
641 3573 700 3624 eod.
714 3571 785 3624 Gud.
856 3577 892 3640 §2
904 3573 1122 3637 Seiostruciiouom]
1134 3573 1359 3628 AEdificiorumin-

255 3655 396 3716 mentione,
416 3653 490 3717 cujus
509 3651 637 3702 variantes
660 3649 785 3712 possedit,
825 3657 967 3714 ternorum,
985 3660 1048 3716 puts
1067 3653 1220 3716 porticuum,
1244 3654 1359 3706 balinea·

254 3732 380 3796 aruspicari
397 3731 469 3780 lieet.
502 3728 576 3778 Ordo
595 3727 729 3778 verborum
746 3727 784 3776 in·
824 3731 1099 3793 runt,coenenuiorum‚
1110 3733 1159 3781 dcc.
1176 3732 1266 3794 quales
1276 3731 1360 3784 refert

255 3823 345 3858 sersus
359 3807 502 3870 cupiditate
513 3804 620 3869 proprias
630 3812 671 3854 est
682 3817 785 3868 quoque
824 3808 932 3858 sueton.
948 3807 974 3857 in
987 3809 1086 3858 Neron.
1096 3821 1154 3870 cap.
1166 3811 1206 3856 11.
1234 3809 1278 3858 De
1290 3810 1361 3873 ejus·

255 3884 283 3935 in
295 3884 365 3935 Gud.
376 3883 431 3934 eive
441 3881 533 3935 (ineis.
548 3895 658 3947 euntque
674 3880 785 3940 restitui,
825 3886 884 3936 dem
903 3900 981 3936 aurea
1001 3883 1087 3941 domo,
1106 3884 1191 3950 deque
1208 3887 1290 3936 nitere
1302 3888 1360 3938 Caii

256 3963 318 4026 quia
328 3975 446 4014 caussam
457 3960 558 4012 dedisse
571 3960 683 4022 ridetur,
693 3965 722 4006 ut
731 3973 785 4021 pro-
824 3961 893 4024 Imp.
905 3961 1005 4011 Piiniua
1017 3973 1120 4018 xxxvi.
1132 3965 1172 4010 16.
1189 3962 1299 4014 Paterni.
1314 3964 1359 4014 De

255 4042 326 4102 digne
347 4047 457 4103 propter
478 4039 622 4104 proximum
643 4037 786 4102 ‘prodige
825 4037 1065 4088 substructionibus
1084 4037 1188 4100 proprie
1208 4037 1286 4088 dictis
1307 4041 1361 4094 uid.

160 4125 161 4129 ’
256 4118 336 4170 bant’
347 4118 483 4183 scripserit
496 4118 626 4180 librarius,
638 4125 667 4166 ut
678 4115 786 4164 nonnul·
825 4115 959 4164 Vitruvius
972 4127 1015 4163 ιιι.
1026 4117 1053 4163 6.
1065 4113 1151 4177 ibique
1168 4114 1290 4168 Philnnd·
1304 4117 1360 4164 Joe·

255 4197 274 4245 li
292 4191 368 4246 codd.
386 4195 455 4259 epnd
472 4195 610 4256 Virgilium
624 4191 724 4242 AEueid.
742 4204 786 4242 ιιι.
823 4205 877 4253 ger.
910 4191 941 4240 In
952 4190 997 4240 ilio
1007 4189 1121 4240 Vitrurii
1133 4190 1189 4240 ioco
1204 4206 1264 4256 cap.
1276 4192 1360 4255 princ.

254 4277 315 4324 627.
327 4272 449 4337 ‘Trepidi
461 4277 602 4324 tremerent
610 4271 657 4322 sub
665 4269 785 4321 dentibus
825 4283 876 4322 ror
894 4269 1151 4322 ‘substructionum’
1168 4269 1243 4322 abeat
1263 4283 1279 4320 s
1300 4269 1358 4322 ond.
