2920 4844
210 299 299 366 atne
524 312 682 366 casana.
704 315 864 366 ssnrnrr
892 317 1000 366 norm

213 469 331 512 extreme
348 460 438 510 molles
452 458 550 509 ‘fluxi'
566 459 741 525 appellantur.
778 459 897 510 feruutur
921 461 1051 510 sententia
1064 459 1201 524 judicum-²
1238 461 1309 512 Seri·

212 539 343 590 Martialis
362 537 408 588 lib.
425 549 453 587 v.
469 537 608 602 ‘Spadone
628 552 687 587 cusu
707 538 742 586 sis
779 538 891 588 bendum
911 540 1039 602 suspicor,
1062 539 1123 588 ‘sei
1143 540 1313 604 sequacium.'

213 615 339 665 eviratior
349 611 438 664 fluxo!
469 613 607 666 Sidonius:
623 614 742 664 ‘Fluxua
779 615 856 666 Quod
879 629 940 664 sane
963 615 1124 664 inhonestius
1140 624 1182 666 est
1198 617 1311 665 rocabo-

213 692 329 754 odosatia
341 697 420 741 serat
430 691 567 740 venatibus
578 690 677 741 tuom:
779 693 841 753 ium,
851 699 878 742 et
894 694 932 742 sei
949 691 1157 754 convenientius,
1166 700 1194 742 ut
1206 693 1240 742 de
1251 693 1312 742 stilo

246 769 362 818 Hiberna
371 767 460 832 poculis
469 767 542 830 rosc]
552 766 683 816 Hibernas
696 781 742 830 po·
779 776 922 833 temporum
935 783 986 818 uon
998 783 1148 819 memorem.
1166 803 1168 809 »

213 845 278 894 culis
290 859 362 894 rosas
374 843 439 894 dicit
451 852 596 892 asservatas
612 843 677 892 inibi
695 859 742 906 per
813 843 880 894 Cre.
898 858 957 894 ιιι.
992 845 1037 908 §2
1061 845 1174 894 Indstssrs
1193 844 1313 908 purpura]

211 921 337 971 hiemem:
356 928 385 970 ut
396 921 542 972 Martialis:
561 920 691 970 ‘Miserat
704 920 741 969 hi·
779 920 927 983 Purpuram
955 920 1157 982 Imperatorium
1185 921 1312 970 Romanis

212 996 305 1048 beruas
331 997 466 1047 ambitiosa
494 993 582 1046 rosas?
630 995 742 1053 Pocuiis,
780 996 882 1060 insigne
900 997 979 1046 docet
998 996 1162 1048 Herodianus
1180 997 1226 1046 lih.
1245 1011 1266 1046 ι.
1284 1005 1315 1046 et

213 1074 276 1137 quia
303 1071 427 1122 bibebant
454 1069 518 1121 folia
543 1085 658 1122 rosarum
684 1072 743 1122 riuo
779 1073 848 1122 libro
859 1087 899 1122 vr.
914 1072 974 1134 ueri
983 1071 1082 1134 aduror.
1115 1071 1311 1136 Adeoquidem

213 1148 304 1198 mista.
335 1147 436 1197 Auctor
448 1146 558 1196 Plinius·
781 1155 811 1197 ut
822 1156 849 1197 et
862 1149 887 1198 iu
905 1149 961 1198 acie
981 1163 1111 1212 purpureo
1130 1149 1314 1212 paludamento

246 1227 287 1289 §S
306 1222 417 1286 Colchas]
437 1223 570 1274 Delicatus
589 1224 661 1274 cibos
683 1225 744 1276 Col·
781 1234 927 1276 uterentur.
961 1227 1021 1276 Nec
1043 1240 1075 1274 eo
1094 1225 1208 1276 conteuti
1230 1225 1312 1274 etiam

214 1301 262 1350 cho
285 1301 392 1364 petitos,
414 1299 551 1363 phasianus
570 1300 664 1365 innuit,
681 1316 743 1366 quos
781 1302 880 1364 aquilas
889 1315 936 1351 seu
947 1303 1080 1366 dracoes,
1090 1301 1226 1365 purpureis
1238 1307 1314 1364 tegn-

213 1379 284 1442 ipsos
294 1383 322 1428 st
331 1378 454 1427 Manilius
470 1377 510 1426 bis
521 1377 654 1428 versibus:
672 1381 681 1408 ⁸
694 1379 744 1428 Ar·
780 1377 876 1426 mentis
888 1376 1063 1426 ostentabant.
1097 1377 1248 1426 Ammianus
1264 1377 1313 1427 lib.

214 1457 326 1506 cessitur
338 1455 400 1506 inde
411 1456 554 1512 macellum,
567 1455 643 1506 Unde
654 1464 745 1506 aurata
782 1466 842 1503 xrs.
855 1454 932 1504 ‘Quo
943 1454 1032 1516 agnito
1041 1468 1198 1517 purpureum
1209 1455 1314 1516 signnm

214 1547 283 1582 novo
312 1541 440 1584 consecra
462 1539 501 1582 est
523 1548 627 1597 equore
649 1533 744 1598 pellis!
781 1529 902 1580 draconis
924 1530 1065 1579 summitati
1085 1530 1166 1578 hastae
1186 1530 1314 1592 longioris

214 1609 279 1657 Mox
300 1609 404 1672 probari
431 1609 478 1658 hoc
501 1610 583 1660 solum
606 1611 653 1674 ait,
674 1611 743 1675 quud
781 1613 906 1670 aptatum,
924 1607 996 1654 velut
1015 1605 1158 1654 senectutis
1173 1605 1315 1667 pendentis

214 1683 351 1750 naufragio
369 1696 507 1750 quaeratur.
543 1687 624 1735 Plane
641 1702 675 1736 ex
693 1688 743 1737 Pe·
783 1687 899 1742 exuvias,
921 1685 997 1734 stetit
1019 1684 1092 1734 unius
1119 1691 1212 1734 turmas
1230 1682 1315 1732 tribo-

216 1761 294 1811 tsouii
303 1761 430 1811 Satirico:
442 1761 634 1824 ‘ArataSyrtis
643 1763 671 1812 Si
683 1764 745 1828 quid
784 1762 850 1812 nus?

214 1837 351 1902 naufragio
362 1839 445 1901 dedit,
457 1836 600 1900 probatur!
816 1840 830 1902 §
842 1843 858 1888 d
873 1837 933 1903 Spes
950 1839 1056 1904 oculique
1073 1838 1226 1908 reipublicnl
1238 1839 1317 1890 Viros

249 1913 317 1962 Cae.
326 1927 374 1963 xv.
395 1911 746 1977 §lSspssoresds'rripulflIta
784 1915 923 1980 praeclarus
944 1917 1021 1965 oeulos
1048 1927 1125 1966 rorat
1151 1916 1316 1981 reipublicae,

216 1990 321 2040 codices
333 1990 434 2054 scripti.
468 1989 521 2040 Sed
539 2004 627 2040 rocem
638 2005 747 2053 messores
784 1990 871 2055 phrasi
889 1991 1056 2042 usitatissima
1072 1993 1166 2055 sulm
1183 1991 1230 2042 sed
1242 1993 1316 2057 cnjus

216 2082 266 2129 ego
276 2067 471 2131 exstirpandam
488 2066 609 2129 arbitror,
620 2082 696 2131 quam
708 2070 748 2116 in·
784 2069 915 2132 elegantia
932 2069 1022 2132 paucis
1042 2069 1077 2119 sit
1094 2077 1239 2136 perspecta.
1269 2069 1317 2120 Sic

215 2145 295 2194 trusit
305 2142 436 2194 inferioris
452 2143 501 2193 ari
519 2142 634 2208 quidam,
645 2143 747 2208 discipu·
785 2145 918 2208 praecipue
933 2147 1087 2210 ‘parentum
1099 2144 1210 2196 lumiua’
1226 2147 1317 2210 appel·

216 2223 252 2270 los
269 2221 326 2270 illos
346 2221 530 2286 Imperatorios
546 2220 579 2270 ad
591 2229 695 2285 captum
707 2226 761 2271 se·'
784 2221 872 2271 lautus
884 2220 938 2270 filii.
972 2221 1109 2286 Euripides
1121 2221 1318 2284 Andromacha,

217 2299 270 2350 cuii
279 2298 328 2360 sui,
338 2307 366 2348 et
374 2313 407 2347 ue
418 2298 475 2363 quis
487 2297 599 2348 scholam
608 2299 748 2351 somniaret
785 2307 814 2348 et
833 2299 902 2362 apud
921 2299 1054 2349 Stobasnna
1073 2299 1199 2350 Sermone
1213 2313 1318 2350 nxxssr.

216 2374 349 2430 videlicet,
359 2374 528 2438 interpretari
539 2383 667 2436 satagens.
700 2375 748 2426 Di·
784 2375 936 2423 Theocritus
948 2375 1033 2440 Eidyl.
1045 2389 1150 2429 xxvrrr·
1160 2377 1317 2430 Quintilian.

217 2458 313 2498 cuntur
329 2456 415 2498 autem
434 2465 490 2498 tero
505 2449 748 2512 jarniucliuatose·
786 2449 896 2500 Praefat.
917 2451 963 2500 lib.
984 2465 1024 2501 vr.
1050 2453 1143 2502 Festus
1165 2453 1191 2502 io
1214 2453 1318 2502 ‘urbm'

216 2541 301 2590 quares
322 2525 438 2576 absolute
461 2535 606 2576 sectatores
630 2527 751 2591 alicujus,
785 2527 910 2578 Paulinus
929 2527 954 2576 iu
972 2527 1070 2578 obitum
1088 2528 1167 2578 Celsi.
1201 2527 1318 2579 Alcimus

218 2612 263 2652 aut
283 2601 414 2666 discipuli.
448 2602 569 2654 Sidonius
591 2605 677 2666 Epist.
697 2618 750 2658 ιιι.
785 2603 1006 2653 Animalibus.
1035 2603 1165 2654 Ausonius
1186 2604 1318 2654 Parenta·

218 2684 259 2730 1⁷.
276 2679 372 2744 ‘Cujus
383 2679 527 2746 disciplina
539 2681 560 2730 si
572 2683 616 2745 qni
629 2681 750 2744 rebelles,
786 2680 848 2729 lium
866 2695 889 2729 v.
905 2680 966 2730 vitae
983 2682 1091 2730 Patrnm
1108 2681 1134 2729 iu
1154 2681 1318 2732 Sebastiano.

218 2757 333 2821 castiga3
349 2757 370 2806 si
386 2757 431 2821 qui
442 2771 575 2822 sequaces,
586 2757 641 2821 ipse
652 2759 750 2806 collau·
786 2756 857 2806 Hinc
872 2757 933 2807 oculi
949 2758 1164 2822 prestantissima
1176 2771 1261 2806 rerum
1273 2759 1319 2806 de·

219 2831 271 2882 da.'
313 2832 464 2895 Fulgentius
491 2832 536 2882 lib.
558 2847 578 2882 1.
604 2833 750 2898 MythoIog.
787 2848 857 2884 cors.
889 2832 999 2886 Σικελίας
1009 2833 1132 2896 ὀφθαλμὸς
1144 2833 1259 2884 Pindaro
1280 2835 1320 2886 0-

219 2910 227 2937 ‘
242 2909 291 2958 His
302 2916 338 2971 te,
350 2908 480 2974 Fulgenti
489 2909 627 2960 tutricibus
639 2925 749 2974 spopon·
786 2911 867 2974 lymp.
880 2925 911 2960 ιι.
923 2909 1039 2974 Στρατίας
1050 2910 1172 2974 ὀφθαλμὸς
1188 2911 1252 2964 ibid.
1264 2912 1319 2966 Od.

219 2984 309 3035 derata
331 2985 462 3050 largitum,
483 3001 590 3050 quarum
613 3000 708 3050 sequax
729 2987 749 3034 si
787 2999 828 3036 vr.
851 2986 1022 3036 ‘Aniciorum
1044 2987 1130 3036 oculi'
1151 2989 1227 3040 amici
1249 2989 1319 3052 apud

220 3060 310 3118 fueris,
331 3061 452 3112 celeriter
473 3070 577 3124 raptum
597 3076 629 3110 ex
647 3062 750 3110 mortali
788 3060 957 3112 Heliodorum
975 3063 1018 3112 lib.
1029 3076 1061 3112 ιι.
1074 3065 1083 3091 ‘
1096 3063 1221 3114 Aularum
1234 3063 1321 3114 oculi'

221 3138 494 3190 eoelestemefficieot.’
520 3139 687 3188 Cassiodorus
700 3139 750 3188 Or·
788 3139 900 3188 eunuchi
922 3139 1017 3189 ibidem
1037 3139 1082 3190 lib.
1103 3155 1166 3190 νιιι.
1183 3141 1317 3192 ‘Graeciae

221 3219 393 3284 thographia:
411 3218 482 3268 ‘Sed
502 3219 574 3267 labor
590 3217 664 3268 uobis
684 3219 749 3268 enti·
788 3214 871 3264 oculi'
889 3216 982 3266 Orosio
994 3221 1064 3266 nit.
1081 3218 1090 3244 ⁴
1106 3218 1214 3267 Romani
1231 3225 1316 3268 status

129 3353 132 3360 ¹
222 3294 750 3360 quorumomniuoserraudusest,neuos
788 3291 991 3342 lumina'n.5.
1024 3293 1129 3342 Portins
1143 3295 1222 3344 Latro
1234 3294 1260 3344 iu
1271 3295 1321 3345 Ca·

222 3382 343 3424 suctores
365 3387 452 3422 earum
479 3387 564 3424 rerum
589 3373 752 3433 mentiamur,
791 3369 907 3418 lilinum:
925 3369 981 3417 ‘NL
995 3369 1089 3418 Catoni
1107 3379 1135 3419 et
1153 3371 1186 3420 P.
1202 3371 1322 3434 Scipioni

163 3437 168 3446 ¹
222 3466 332 3516 quornm
349 3465 474 3516 sequaces
489 3467 544 3502 esse
555 3453 753 3514 cognoscimur!
790 3447 938 3496 clarissimis
957 3446 1096 3496 lrrminibtts
1107 3455 1251 3510 temporum
1263 3463 1321 3498 sao·

222 3528 300 3580 Hanc
311 3543 400 3579 vocem
413 3527 600 3578 restituendam
617 3536 680 3592 puto
691 3530 753 3580 Jus·
791 3521 865 3572 rum!
900 3521 1015 3572 Achillea
1026 3523 1116 3574 Tatius
1135 3523 1169 3572 de
1187 3524 1256 3574 Rosa
1274 3524 1322 3576 lib.

224 3607 316 3656 tioiaui
332 3607 499 3671 Imperatoris
516 3607 642 3670 rescripto
655 3608 672 3655 i.
684 3607 752 3658 unic.
790 3615 823 3652 11.
835 3597 1042 3662 Γῆςέστὶκόσμῠε,
1051 3599 1322 3666 ὄφθαλμδιᾶιθῦν,λει-

224 3683 255 3733 C.
273 3683 510 3748 usurpavimus.
542 3684 607 3734 ‘Sin
625 3685 752 3734 autemiu
789 3682 866 3740 μῶνοι
885 3677 995 3744 ἐρύθημα.
1038 3679 1195 3730 Heliodorus
1213 3681 1260 3728 lib.
1277 3695 1323 3733 ιιι.

224 3759 361 3822 iugenuam
374 3775 507 3824 personam
521 3761 570 3810 tale
583 3761 683 3812 facinus
695 3777 752 3825 per·
790 3756 838 3817 'liu
848 3755 873 3806 δὲ
884 3755 996 3819 κορωνίδα
1006 3757 1049 3815 τῆς
1063 3759 1166 3820 πομπῆς,
1177 3755 1217 3806 rol
1231 3756 1323 3820 ὀφθαλ-

218 3844 354 3898 petreius,
371 3838 448 3886 etiam
467 3852 556 3886 omnes
577 3853 619 3886 res
637 3839 752 3898 mobiles,
790 3835 834 3898 uls
845 3837 937 3896 ἀληθῶς
948 3836 992 3896 τὴν
1008 3835 1053 3895 σὴν
1068 3835 1323 3900 θνγαιέριγνωρίζονρ

224 3927 271 3962 seu
283 3912 362 3961 etiam
374 3913 516 3962 immobiles
530 3923 558 3962 et
576 3929 604 3962 se
620 3923 753 3964 moventes
790 3933 839 3964 res.
871 3916 960 3978 Atque
976 3913 1037 3963 hinc
1054 3912 1170 3970 ductum,
1181 3915 1249 3978 quod
1261 3919 1322 3964 elsa·

225 3996 279 4038 tam
291 3996 423 4052 raptorum
435 4003 510 4052 quarn
523 4004 610 4038 eorum
621 3991 753 4047 sodalium,
792 3991 905 4040 nissimos
924 4005 1039 4054 quosque
1057 3991 1134 4038 oculos
1151 3989 1202 4038 dici
1218 3991 1322 4054 priscis,

226 4066 349 4115 comitum
370 4065 411 4114 vel
428 4066 600 4132 sequentium,
617 4066 661 4130 qui
679 4068 704 4114 in
722 4068 753 4116 iis
792 4067 979 4118 observandum
1007 4065 1135 4116 duximus.
1179 4066 1322 4130 Sophocles

226 4141 348 4190 auxilium
371 4141 537 4204 praebuerint,
560 4141 591 4190 ad
612 4140 753 4207 dominium
792 4145 875 4208 Ajacc
888 4143 1089 4194 resbir'l'euori:
1100 4141 1135 4197 'n
1152 4142 1250 4204 φίλτατ’
1261 4145 1324 4207 αἴας,

226 4226 359 4286 rapturum
374 4218 508 4271 mulierum
520 4217 658 4270 liberarum
671 4228 754 4272 traus-
792 4217 939 4283 dedrmpor
955 4217 1008 4282 ὔμμ’
1027 4216 1087 4280 ἐμοί.
1126 4219 1161 4270 Et
1179 4234 1221 4270 res
1242 4220 1331 4279 etiam,
