2896 4834
292 841 719 938 RECENSUS
770 839 1257 938 EDITIONUM

364 1093 867 1173 PANEGYRICORUM
893 1095 1183 1185 VETERUM,

548 1309 726 1366 aventon
743 1309 1002 1379 FABRIGIANO,

522 1505 569 1555 ET
585 1504 625 1555 IN
642 1506 674 1555 V.
692 1503 832 1555 AETATES
847 1501 1025 1556 moestus.

578 1727 636 1792 [nx
653 1727 709 1777 nn.
725 1727 866 1778 mronr.
882 1727 971 1791 nrm]

683 1920 808 1982 AE'PAS
829 1921 861 1984 Ι.

265 2069 532 2131 Pannarnrcns
555 2062 654 2126 Plinii
672 2064 702 2124 in
716 2061 891 2144 Trajanunn,
913 2065 1039 2145 primurn
1059 2019 1157 2128 edituis
1176 2089 1196 2131 a
1214 2070 1327 2134 Franc.
1442 2037 1443 2070 ³

224 2167 408 2238 Puteolano,
418 2172 500 2226 certe
508 2171 578 2222 ante
587 2181 637 2222 an.
645 2166 737 2223 1477.
748 2159 826 2220 inter
835 2159 1042 2242 Panegyricos
1050 2181 1115 2226 x11.
1124 2185 1196 2226 mox
1204 2170 1332 2247 accesit

223 2264 264 2326 ad
285 2263 487 2346 Epistularum
508 2259 594 2322 editt.
645 2265 675 2318 1.
698 2256 910 2318 Germanicam
931 2279 956 2319 s.
978 2257 998 2318 l.
1017 2269 1048 2320 et
1060 2281 1088 2322 a.
1111 2260 1331 2345 Neapolitana

222 2361 329 2422 liliam.
369 2367 400 2422 2.
422 2357 805 2419 Beroaldinaman.1501.
847 2361 876 2414 3.
898 2354 949 2417 Jo.
972 2356 1053 2419 Mar.
1075 2357 1212 2422 entanaei
1234 2368 1330 2424 1506.

221 2477 272 2517 an.
286 2463 376 2520 1010.
389 2455 557 2536 repetitam.
598 2459 630 2514 4.
653 2450 801 2510 Aldinam
815 2457 906 2512 1608.

262 2576 290 2616 s.
302 2575 331 2614 a.
341 2561 373 2614 et
386 2552 407 2615 l.
420 2551 583 2613 editionem
596 2551 627 2610 in
641 2548 807 2610 Germania
829 2547 953 2622 factam,
975 2571 1044 2612 cum
1065 2553 1190 2634 primum
1214 2575 1261 2616 ara
1279 2565 1331 2638 ty·

221 2651 404 2734 pographica
423 2650 546 2710 inventa
568 2656 624 2718 est,
637 2645 729 2707 refert
739 2645 779 2706 cl.
793 2647 911 2708 Ernesti
924 2650 953 2708 in
969 2648 1054 2710 Bibl.
1069 2651 1136 2710 Lat.
1150 2653 1277 2713 auctiori
1289 2653 1331 2714 T.

223 2765 265 2810 11.
277 2770 308 2830 p.
322 2755 393 2808 411.
406 2747 569 2828 cujusipsc
582 2745 766 2826 exemplum,
786 2755 840 2806 aut
858 2745 965 2808 saltem
988 2748 1195 2842 repetitionem
1216 2751 1331 2813 habere

218 2846 350 2917 sedicit,
363 2863 512 2926 quamque
524 2843 655 2904 omnium
669 2844 796 2924 primam
809 2852 907 2925 putat.
949 2843 983 2904 Is
1003 2844 1079 2906 liber
1098 2846 1191 2908 habet
1210 2856 1331 2911 tantum
1441 2919 1442 2936 χ

175 2963 183 2979 ⁸
221 2943 316 3004 libros
332 2951 405 3004 octo
425 2939 629 3023 Epistularum
654 2961 722 3000 cnm
745 2939 938 3022 Panegyrico
956 2941 1039 3003 dicto
1060 2943 1140 3026 Imp.
1154 2943 1281 3018 Nervae,
1295 2958 1333 3009 ut

220 3043 265 3102 ibi
278 3042 398 3121 legitur.
440 3037 511 3099 Nos
531 3058 597 3098 eam
615 3039 801 3118 conjicimus,
820 3039 904 3120 qnod
925 3039 964 3100 ad
986 3039 1068 3122 Epp.
1093 3043 1213 3113 attinet,
1232 3042 1331 3106 filiurn

223 3137 452 3220 Neapolitana,
466 3136 577 3216 quippe
590 3154 719 3215 quacum
731 3138 881 3209 convenit,
895 3158 1021 3218 eamque
1032 3138 1140 3219 Lipsiae
1153 3139 1277 3200 editam.

263 3257 287 3296 a
299 3256 328 3294 n.
341 3234 424 3304 anni,
438 3231 510 3303 loci,
524 3240 556 3291 ct
579 3233 770 3314 typographi,
792 3233 844 3294 sed
864 3234 945 3294 haud
965 3235 1056 3296 dubie
1080 3235 1330 3312 Mediolanensis,

221 3339 253 3394 4.
274 3329 371 3392 Plinii
398 3328 616 3410 Panegyricus,
642 3329 717 3390 inter
741 3329 900 3392 duodecim
921 3331 1127 3414 Panegyricos
1153 3333 1282 3396 Veteres
1309 3357 1331 3398 a

222 3429 330 3490 Franc.
351 3425 523 3487 Puteolano
543 3425 650 3488 editos.
692 3427 794 3493 Quam
820 3427 940 3508 quidem
961 3429 1120 3490 editionem
1141 3427 1331 3494 Arntzeniris

220 3537 253 3588 et
268 3523 457 3586 Schwarzius
479 3521 518 3582 ad
540 3543 649 3584 annum
671 3529 762 3587 1476.
782 3524 920 3596 referunt,
945 3526 1024 3587 unde
1048 3528 1138 3588 ctiam
1159 3529 1211 3589 hic
1231 3549 1331 3590 annus

220 3621 362 3704 exemplo
375 3623 405 3682 in
420 3620 523 3682 catal.
536 3619 620 3680 Bibl.
631 3621 814 3683 Emestianae
829 3645 859 3705 p.
874 3631 944 3685 182.
959 3645 991 3685 ιι.
1004 3631 1095 3688 2737.
1109 3627 1256 3706 ascriptus
1267 3628 1326 3696 sit;

221 3721 275 3782 aed
299 3719 479 3800 argumentis
501 3718 705 3800 probabilibus
725 3718 858 3780 vindicat
882 3719 992 3782 Sarius
1017 3721 1047 3780 in
1072 3721 1157 3782 Hiat.
1172 3722 1328 3805 Lia‘ryp.

224 3818 353 3880 Mediol.
368 3817 407 3878 ad
420 3837 492 3878 ann.
504 3822 596 3878 1482.
638 3815 730 3877 Certe
750 3817 883 3880 Joannes
903 3817 1077 3890 Galeacius,
1098 3822 1186 3900 cujus
1211 3821 1331 3882 natales

222 3915 359 3976 incidunt
380 3915 411 3974 in
439 3934 549 3974 annum
576 3921 666 3975 1469.
707 3914 815 3976 Franc.
840 3916 1015 3976 Puteolano
1037 3917 1067 3976 in
1089 3916 1263 3998 praefatione
1287 3919 1329 3980 ad

220 4013 290 4075 Jac.
305 4011 518 4091 Antiquarinm
531 4012 641 4072 dicitnr
654 4021 663 4048 ‘
674 4033 752 4073 nuno
762 4015 890 4094 primum
900 4015 1062 4096 pubescens
1070 4015 1091 4084 ;’
1111 4013 1192 4094 qnod
1205 4016 1329 4076 minime

221 4109 369 4192 quadrare
379 4108 496 4169 videtur
514 4110 547 4169 in
569 4129 680 4168 annum
706 4116 796 4173 1476.
839 4109 957 4171 Praeter
974 4111 1181 4192 Panegyricos
1198 4111 1330 4174 Veteres
1440 4177 1441 4202 2

172 4201 175 4208 ’
220 4211 278 4271 hac
291 4207 423 4270 editione
435 4207 525 4268 etiam
539 4208 706 4269 continetur
718 4207 738 4266 J
741 4207 783 4268 nl.
798 4206 951 4294 Agricolae
967 4207 1043 4270 Vita
1058 4229 1109 4289 per
1123 4208 1215 4270 Corn.
1234 4209 1325 4273 Taci-
