2896 4834
382 348 432 398 uu
457 344 717 397 rnrnernrors
741 345 971 428 uniuersus.
1144 331 1233 400 2470

8 513 9 520 “
127 495 169 556 sis
188 492 236 553 sni
255 487 391 550 meminit
413 486 448 550 S.
470 486 602 548 Paullus
613 486 707 548 Rom.
727 493 867 548 rivum.
908 486 1013 550 Tertia
1031 487 1130 562 Bruti,
1143 490 1232 554 Ciue-

127 591 208 650 ronis
221 591 297 668 joco
317 586 488 646 notimimn:
510 585 606 646 ultera
625 584 732 646 Paulli
753 584 869 646 AEmilii
889 584 970 666 apud
988 583 1185 648 Plutarchum
1202 611 1233 671 p.

8 699 9 780 j
128 694 201 748 260.
211 695 243 746 et
255 683 324 744 cic.
363 682 469 742 Tertia
480 681 600 754 Verris,
613 681 653 742 (le
666 701 729 762 qna
741 682 850 743 cinero
860 680 950 744 Verr.
966 699 997 742 v.
1011 689 1063 745 12.
1106 683 1234 748 Tertulli

128 784 221 844 etiam
233 781 292 844 lruo
304 787 454 861 speemnt,
466 787 499 854 et
509 778 701 866 Tertulliani,
721 799 758 844 ae
770 777 916 850 Tetrurlii,
930 779 1142 862 Pentadiique.
1184 783 1234 844 De

127 882 249 948 Quarto
266 878 398 959 quodem
412 875 595 938 oousnlendo
615 875 834 958 Martyrologia
847 883 868 938 3
881 876 967 938 Nor.
981 886 1013 938 et
1033 877 1174 940 Bivurins
1193 883 1233 942 ad

126 976 422 1040 Pseudo-Dextrum
435 996 466 1057 p.
478 981 549 1036 103.
590 973 667 1035 Julii
678 975 823 1042 Quartilli
834 975 946 1036 mentio
955 976 985 1034 in
998 985 1098 1036 vetere
1111 978 1234 1060 iuscrip-

8 1099 10 1158 i
125 1075 207 1136 u'one
224 1073 307 1155 apud
326 1073 441 1136 oloriss.
461 1071 621 1132 Voleriani
640 1071 803 1142 Mimoires'
819 1071 857 1134 rle
874 1071 1014 1136 Trevoux
1035 1095 1065 1135 u.
1088 1081 1178 1138 1708.
1202 1097 1233 1158 p.

8 1199 10 1262 3
127 1179 221 1234 1095.
263 1170 400 1237 Quartus
411 1178 443 1230 et
463 1169 596 1236 Quintus
613 1169 766 1250 Martyres
777 1169 816 1231 Τ.
831 1186 871 1231 11.
891 1169 966 1230 Aet.
990 1169 1129 1234 Sanctor.
1155 1173 1234 1235 Maii

8 1289 9 1302 .
125 1291 157 1351 p·
171 1275 244 1329 555,
287 1267 408 1338 Quinti,
422 1267 576 1339 Quintilli,
590 1267 751 1342 Qumtiuae
768 1268 878 1348 posim
894 1276 1063 1338 occurrunt,
1081 1271 1126 1332 nti
1146 1269 1234 1332 Sexti

124 1385 260 1448 quoqne,
272 1362 430 1445 dequibus
439 1362 600 1424 Reinesius
618 1365 649 1424 in
660 1363 857 1445 Syntugmate
869 1362 1124 1444 Subscriptionum
1136 1365 1234 1428 Vete-

8 1469 9 1472 ’
124 1483 194 1524 rum
205 1483 237 1543 p.
249 1468 323 1525 847.
335 1469 368 1520 et
379 1460 513 1532 Sextilii,
526 1460 678 1533 sexenii,
693 1459 904 1543 Septimiique,
916 1469 948 1522 et
961 1459 1073 1521 Sextus
1089 1461 1233 1537 Annalis,

8 1585 9 1620 ἢ
122 1561 164 1621 de
177 1581 239 1641 qno
244 1560 334 1638 jocus
344 1557 440 1618 Tullii
453 1557 534 1640 opud
544 1557 684 1620 Maurob.
695 1575 744 1620 vr.
759 1565 787 1618 1.
808 1578 906 1638 neque
919 1557 1113 1619 Octaviorum
1126 1561 1233 1622 obseu-

123 1678 192 1720 rum
200 1675 318 1716 nomen.
354 1654 496 1736 Septimae
509 1655 600 1718 etiam
612 1655 768 1736 cujusdam
781 1656 892 1716 mentio
902 1655 982 1736 apud
991 1654 1060 1718 cie.
1069 1656 1157 1719 Fam.
1170 1658 1231 1740 Ep.

125 1771 178 1814 lx.
190 1760 243 1813 10.
258 1751 298 1812 ad
310 1771 400 1832 quem
412 1751 512 1812 locum
522 1751 655 1812 Paullus
667 1751 823 1812 Manutius
835 1759 970 1823 annotat,
983 1751 1063 1813 filias
1074 1754 1155 1815 haud
1167 1775 1234 1818 raro

124 1852 167 1912 ab
179 1849 284 1910 ordine
296 1848 438 1909 noscendi
450 1848 630 1930 appellatas,
645 1849 795 1922 Primam,
810 1848 990 1922 Secundam,
1002 1849 1147 1926 Tertiam,
1159 1853 1233 1914 'l'er-

124 1947 247 2019 tullam,
262 1952 321 2006 &o.
363 1946 500 2013 Quartus
519 1945 635 2007 Paullo
648 1945 800 2028 Apostolo
811 1945 905 2006 Rom.
918 1965 987 2027 oap.
1001 1965 1076 2009 ΧΠ.
1089 1970 1167 2010 vers.
1180 1958 1232 2012 23.

124 2046 264 2112 Quintus
282 2043 446 2124 Septimius
473 2043 676 2124 philosophus,
709 2043 749 2103 ad
772 2045 859 2122 eujus
889 2051 1001 2104 sentam
1023 2047 1173 2110 uuusiisse
1195 2049 1232 2110 L.

8 2147 10 2216 ζ
124 2142 303 2204 (3ηῶοω
333 2139 426 2201 refert
452 2137 613 2202 Suetonius
637 2140 677 2200 de
700 2140 914 2201 Grammaticis
938 2161 968 2202 o.
994 2148 1046 2204 10.
1102 2144 1235 2210 Quartu-

8 2231 9 2248 ¹
122 2239 276 2312 Tertulla,
290 2238 419 2311 Quinta,
443 2236 585 2310 Decima,
599 2238 744 2299 Ezechiel
759 2237 959 2320 Spanhemius
973 2238 1013 2300 de
1027 2238 1096 2299 Usu
1109 2239 1234 2314 Numis,

8 2383 10 2404 .
122 2347 241 2400 rnatum
252 2336 291 2397 T.
306 2351 346 2396 Π.
360 2357 392 2418 p.
404 2343 456 2397 40.
468 2357 531 2416 seq.
543 2335 749 2396 Tertullianus
760 2356 880 2416 quoque
893 2335 947 2397 lib.
959 2336 999 2397 de
1012 2335 1128 2400 Anima
1139 2358 1167 2400 e.
1181 2345 1233 2404 37.

8 2429 10 2448 ²
120 2438 204 2497 iuter
219 2435 304 2496 Deus
323 2434 476 2528 puerperis
487 2433 585 2494 cultas
598 2433 721 2494 Nonam
735 2441 767 2493 et
780 2433 938 2494 Decimam
950 2455 1020 2496 oum
1039 2434 1194 2500 Alemonu
1202 2446 1235 2499 et

122 2533 243 2594 Lucina
251 2538 473 2595 commemoret.
515 2529 566 2591 De
579 2529 673 2590 Nono
687 2529 810 2591 Medico
823 2531 936 2592 dictum
954 2531 1008 2592 lib.
1022 2548 1070 2592 vr.
1085 2532 1233 2594 Biblioth.

123 2629 256 2690 Gruoae.
297 2627 418 2688 Decimi
430 2628 527 2706 magis
542 2628 635 2688 etium
647 2627 740 2699 obvii,
752 2635 785 2686 et
796 2648 851 2707 pro
870 2627 1011 2690 uudebies
1022 2627 1105 2692 mille
1118 2639 1232 2710 marty·

8 2751 9 2794 i
123 2724 318 2805 tibur,¹qum
331 2723 454 2784 Ursnlae
477 2725 695 2797 sooiasfernnt,
718 2725 854 2785 nonnulli
872 2733 978 2787 eruunt
999 2723 1232 2792 Undecimissuu

8 2799 10 2916 l
123 2834 302 2904 martyrem,
315 2843 369 2904 pro
388 2844 450 2904 qua
463 2823 626 2884 Ximillum
639 2822 738 2883 neseio
758 2823 867 2902 quibus
885 2821 1050 2882 rationibus
1072 2823 1234 2904 ptulerunt

122 2919 272 2983 nounnlli.
312 2918 477 2994 Aulerdmr
494 2919 657 2980 meretricis
669 2921 787 2980 nomine
798 2918 974 2984 eomoediam
985 2921 1142 3000 sumpserat
1154 2921 1232 2984 Phi·

8 3069 9 3088 5
123 3019 243 3101 lyllius,
255 3023 331 3078 teste
344 3015 452 3078 Suida.
491 3015 556 3077 Sed
575 3017 671 3078 missis
690 3016 771 3078 hisee
794 3016 960 3078 iustiunum
979 3026 1110 3080 nostrum
1134 3039 1231 3100 perse·

8 3181 9 3200 ἦ
121 3135 264 3198 quamur.

156 3278 164 3318 l
180 3284 289 3334 Similem
307 3283 461 3333 traditionem
480 3283 512 3332 (le
538 3285 576 3333 bis
596 3285 662 3334 mille
693 3301 726 3336 ex
736 3286 858 3336 Zachariae
873 3286 991 3336 Rhetoris
1002 3285 1107 3336 Historia
1125 3285 1231 3338 Ecclesi-

121 3349 263 3416 virginibnr,
275 3349 391 3398 chosrois
399 3349 591 3414 persecutionem
600 3351 662 3400 veri·
693 3351 771 3402 rstica
784 3353 859 3403 refert
876 3351 1015 3403 Asamuunr
1029 3351 1059 3402 Τ.
1071 3367 1102 3406 11.
1112 3351 1176 3403 Bibl.
1187 3354 1233 3402 Or.

121 3416 164 3474 tir,
174 3415 266 3480 quein
279 3413 370 3466 lunen
379 3415 553 3483 sepmupim
563 3415 661 3477 derue,
692 3421 769 3484 uos.
