2896 4834
229 383 318 452 2482
496 431 499 436 .
559 397 755 447 nannusus
789 387 1006 448 nnrnrorruu
1112 403 1127 446 ¹.
1187 409 1190 416 ·

230 541 457 612 vercellensem
478 561 556 602 anno
570 541 609 601 ab
622 541 825 602 incarnatione
839 539 963 602 Domini
977 554 1088 606 cruror
1102 541 1152 602 dle
1165 541 1332 624 xx.April

234 643 293 705 lis)
344 640 542 701 Praemittitur
565 639 605 700 ad
629 637 823 698 clarissimum
855 637 1000 699 Joannem
1027 640 1332 720 Wartimbergeneem

234 741 455 806 Scholastieum
472 740 618 800 Boemum
633 737 772 819 Philippi
794 737 934 826 Beroaldi
950 738 1067 800 Bonan.
1086 739 1233 820 Epistola.
1266 741 1330 800 ·Illi

228 839 355 920 ¹quidem
364 837 531 900 Beroaldus
540 835 736 897 imitationem
748 835 820 915 styli
828 835 964 895 Pliniaui
974 839 1176 918 maximopere
1182 857 1332 900 commen-

227 937 298 1007 dttr
321 937 509 998 nihilautem
522 936 551 994 in
564 933 694 995 formula
706 932 902 994 dedicationis
912 933 1000 994 affert
1012 953 1107 1014 neque
1117 935 1242 1008 indicat,
1251 939 1331 998 unde
1438 917 1439 966 3

227 1044 344 1097 textum
361 1035 503 1096 hauserit.
543 1032 686 1094 Servatur
704 1033 736 1091 in
761 1032 845 1092 Bibl.
869 1032 1102 1113 Archipalatina
1125 1034 1234 1096 Manli.
1276 1036 1333 1096 Ad

227 1133 306 1194 itanc
332 1131 380 1194 ed.
402 1139 518 1214 spectat
539 1137 683 1210 tanquam
705 1128 944 1210 supplementum
966 1132 1087 1190 seorsim
1112 1131 1225 1191 edinrm
1238 1140 1271 1192 4.
1291 1133 1330 1193 0.

228 1229 325 1290 Plinii
338 1229 378 1290 ad
390 1229 553 1310 Traianum
571 1226 715 1308 Epistulae
733 1243 831 1286 xnvr.
854 1247 948 1308 nuper
964 1237 1087 1307 repertae
1105 1247 1174 1288 cum
1196 1229 1332 1308 ejusdem

225 1329 381 1408 responsis.
424 1326 476 1388 Sic
488 1336 534 1387 est
546 1328 577 1386 in
592 1324 693 1386 Catal.
714 1324 797 1386 Bibl.
820 1324 997 1384 Harleianae
1016 1324 1091 1388 Vol.
1104 1341 1152 1388 ιν.
1168 1345 1198 1407 p
1213 1333 1284 1387 546.
1300 1347 1331 1387 n.

227 1431 349 1584 1οΞῗὸἓο
362 1520 499 1582 Mediol.
513 1519 567 1582 iol.
583 1521 622 1582 G.
637 1519 734 1580 Plinii
748 1517 867 1579 Cmcilii
878 1518 1009 1580 Secundi
1024 1519 1168 1601 Epistulas
1181 1527 1213 1579 et
1225 1518 1332 1579 Pane·

226 1620 357 1700 gyricus,
375 1619 507 1699 Trajano
526 1618 609 1697 Aug.
618 1618 726 1690 dictus,
741 1637 809 1678 cunr
821 1619 1040 1678 commentariis
1051 1617 1102 1676 la
1117 1617 1225 1676 Marias
1238 1615 1333 1676 Gata-
1438 1661 1439 1668 r

225 1719 296 1788 arei,
317 1717 449 1798 impresa
478 1715 647 1776 Mediolani
668 1716 749 1796 apud
774 1713 985 1778 Alexandrum
1012 1711 1228 1784 Minutianum,
1251 1733 1333 1773 anno

224 1813 330 1875 salutis
350 1831 454 1875 mnvr.
492 1831 551 1875 xv.
574 1813 719 1874 Calendis
745 1811 911 1874 Februarii.
954 1813 1078 1872 Priores
1103 1831 1210 1872 novem
1238 1811 1334 1871 libros
1438 1819 1439 1828 ’

225 1910 429 1991 Epistularum
443 1910 605 1971 Cumanus
617 1911 766 1992 inscripsit
778 1907 908 1970 Praesidi
922 1909 1144 1990 Gratianopolis
1159 1929 1196 1970 ac
1209 1907 1332 1969 Medio·
1438 1929 1439 1932 ’

225 2007 297 2078 lani,
310 2007 436 2071 Jalredo
454 2007 578 2079 namra,
594 2009 673 2088 juris
693 2007 791 2068 civilis
810 2017 841 2067 et
865 2007 1012 2088 pontificii
1025 2007 1270 2087 prudentisima:
1294 2006 1333 2064 li-

224 2105 309 2166 brnm
342 2105 491 2166 decimum
519 2105 599 2186 Epp.
613 2105 666 2186 [od
692 2105 856 2184 Trajannm
884 2105 964 2186 Imp.
991 2103 1142 2164 dedicavit
1167 2103 1333 2164 Ambrosio
1438 2113 1439 2132 ³

225 2202 364 2284 Mayno;
386 2202 610 2283 Panegyricum
623 2213 723 2264 autem
735 2203 975 2263 Eminentissimo
987 2202 1136 2280 Principi‚
1146 2199 1196 2261 Jo.
1211 2200 1333 2261 Jacnbo

222 2299 382 2371 ramira,
396 2300 651 2362 mirrnaenunce
664 2299 854 2362 mnemon.
922 2339 924 2346 ι
1438 2287 1439 2310 ¹

545 2475 551 2488 '
668 2503 792 2568 mnas
817 2503 867 2567 11.

228 2649 230 2656 ’
265 2662 412 2730 Quamvis
425 2664 504 2724 enim
527 2661 577 2724 Jo.
600 2662 701 2723 Maria
723 2663 885 2722 Catanaeus
905 2661 1160 2743 praeiverit-Aldu
1173 2683 1221 2734 an,
1236 2669 1331 2733 1506.
1438 2623 1439 2678 l

222 2761 252 2824 in
267 2761 388 2822 edendis
401 2781 437 2822 x.
448 2761 530 2822 libris
544 2761 624 2842 Epp.
637 2781 705 2821 cum
720 2760 910 2840 Panegyrico
923 2768 955 2820 et
968 2759 1196 2828 Commentariis
1205 2761 1280 2832 suis,
1292 2781 1330 2820 ac
1438 2765 1439 2770 ’

220 2857 331 2939 pluries
351 2859 422 2926 dein
445 2857 893 2941 repetitnssitVenetiislilO.
907 2865 998 2920 1519.
1020 2859 1149 2920 Parisiis
1169 2858 1249 2939 apud
1264 2859 1331 2920 Ba·

221 2956 408 3018 uiuamus.
423 2957 552 3038 denique
564 2957 722 3018 correctior
736 2956 833 3016 Basil.
846 2977 886 3018 ex
901 2956 1090 3018 Frobeniana
1103 2962 1195 3018 1552.
1224 2955 1333 3022 Aldus

221 3062 322 3116 tamen
335 3055 491 3116 Manutius
503 3056 600 3134 ipsum
614 3073 684 3114 mox
705 3053 777 3114 vicit
789 3063 822 3114 et
838 3055 868 3114 in
882 3053 1074 3115 emendandis
1090 3062 1122 3112 et
1144 3051 1333 3130 integrandis

222 3151 319 3212 Plinii
336 3151 480 3233 Epistolis
499 3171 539 3212 ex
552 3149 619 3212 cod.
633 3151 851 3232 antiquissima:
875 3151 1025 3230 inquibus
1049 3149 1122 3230 quid
1145 3149 1334 3230 praestiterit,
1438 3213 1439 3216 ,

221 3247 407 3310 indicattum
418 3247 492 3308 editi
505 3248 631 3328 primum
644 3267 664 3306 a
674 3267 707 3308 se
722 3267 770 3308 au.
785 3253 874 3310 1508.
888 3247 986 3308 Plinii
998 3246 1114 3317 titulus,
1127 3255 1190 3306 tum
1211 3247 1275 3340 ipse
1296 3247 1332 3311 in
1438 3251 1439 3256 ’

221 3343 361 3504 PrPlinii
383 3440 601 3522 Panegyricus,
615 3442 667 3521 qui
688 3442 764 3504 iuter
782 3450 898 3506 ceteros
919 3440 1057 3522 splendet
1069 3440 1152 3502 velut
1164 3441 1236 3502 luna
1250 3441 1331 3502 iuter

220 3539 304 3619 ignes
320 3538 458 3611 minores,
472 3559 530 3599 non
544 3548 606 3600 tam
625 3541 664 3599 ab
687 3539 773 3600 Aldu
792 3540 934 3602 illustrior
945 3540 1042 3602 factus
1062 3549 1119 3611 est,
1144 3559 1235 3620 quarn
1251 3561 1329 3602 cum

220 3637 308 3696 sociis
334 3657 353 3696 a
378 3636 430 3696 Jo.
458 3633 656 3718 Ouspiniano,
675 3638 914 3701 subministrante
944 3639 1010 3716 ejus
1032 3657 1072 3697 ex
1095 3635 1187 3702 fratre
1215 3647 1331 3717 nepote

222 3732 366 3814 Georgia,
381 3733 510 3794 Viennae
522 3741 615 3797 1513.
657 3733 719 3795 Sed
733 3736 860 3796 editores
872 3735 970 3795 Plinii
983 3735 1073 3794 totius
1086 3734 1106 3794 Ι.
1124 3733 1213 3806 Aldi‚
1224 3733 1245 3794 l.
1262 3735 1329 3794 Ca-

107 3905 117 3920 ‚
220 3832 312 3892 tanai
337 3833 495 3892 lectionem
522 3833 616 3894 secuti
640 3843 718 3894 suut.
758 3833 895 3904 inclina,
921 3831 970 3892 cui
994 3831 1113 3913 praefuit
1137 3831 1188 3892 Jo.
1214 3831 1326 3894 Franc.

221 3928 336 4000 Zeffm,
368 3930 515 3992 Aldinam
540 3931 679 3998 correxit.
739 3930 946 4010 Panegyricos
968 3927 1174 3998 ex-Rheuaui
1205 3928 1329 4008 ingenio

215 4017 437 4088 *emendatiores
452 4028 548 4096 edidit
559 4025 609 4092 Jo.
624 4027 790 4090 Frobenius
809 4036 925 4108 typogr.
941 4027 1038 4088 Basil.
1058 4032 1150 4088 1520,
1171 4045 1231 4108 quo
1243 4047 1330 4088 anuo

220 4122 288 4184 Jac.
311 4122 427 4184 Loeher
448 4146 534 4204 cogn.
557 4121 751 4188 Philomusu'a
774 4145 864 4187 unum
892 4125 990 4184 Plinii
1017 4124 1137 4202 Paneg.
1160 4143 1228 4186 curn
1251 4123 1328 4186 edd.

221 4219 385 4286 Puteolani
398 4230 431 4282 et
452 4221 596 4316 Beroaidi,
613 4223 711 4296 denuo
733 4221 870 4296 contulit,
895 4220 1106 4299 Nombergae
1124 4216 1247 4283 editum.
1272 4220 1328 4283 lo.
