2920 4844
390 364 431 414 ru
458 363 592 412 uantur
617 361 755 412 uacari
783 363 919 414 inuno.
1120 349 1207 416 2461

113 507 194 564 renio,
211 507 255 572 qni
273 508 351 558 talcar
369 505 511 572 principem
533 507 647 570 interire
678 507 762 572 pistis]
791 509 845 560 Pro
861 507 923 574 fide,
943 507 1073 558 Livineius
1093 521 1126 560 err
1145 508 1211 565 Mes.

114 585 177 648 passi
188 583 267 634 sunt-⁹
300 585 367 636 Vide
379 594 406 634 et
417 586 444 634 in
454 586 547 635 Tacito
565 599 588 634 c.
603 599 642 635 vr.
678 587 752 646 coede,
763 597 794 634 ac
805 584 838 634 de
850 585 1001 650 conjectura
1017 585 1094 650 oblili,
1105 599 1153 650 pro
1169 587 1209 636 ob·

114 661 256 726 Hegesipp.
275 675 320 712 ιιι.
339 667 380 712 18.
397 661 499 712 ‘Alium
512 661 585 712 ducit
601 677 643 712 re·
678 662 732 724 lito,
744 661 863 725 legebatp
882 669 960 726 etque
976 661 1015 711 ita
1032 663 1108 726 plane
1122 663 1210 716 Motus

114 739 222 788 vocabat
230 741 399 801 auctoritate,
411 774 418 788 .
476 738 554 788 alium
570 753 643 788 sere·
680 738 827 799 Sclrrrarrii,
845 739 914 788 obliti
927 741 990 788 coede
1000 755 1010 798 ,·
1029 739 1098 804 quod
1110 739 1145 788 ob
1155 737 1212 790 effi·

114 814 250 864 roobtutu
268 814 457 866 conveniebat-¹
489 819 568 864 ult.
586 814 643 865 ‘Si·
679 816 776 864 cociam
793 829 863 865 ruam
881 816 923 865 lric
934 817 1021 879 aptius
1033 829 1089 866 esse
1101 829 1168 874 reor,
1179 831 1212 871 sc

113 903 170 940 mou
182 903 240 940 suot
251 893 361 955 urgebat
378 900 478 942 terrore
489 897 517 941 et
528 889 643 940 tormidi·
679 888 781 940 tactum
793 891 931 956 depravari
943 905 1018 956 quam
1037 893 1147 941 alterum
1163 907 1210 956 po·

112 981 159 1016 ae:
177 967 306 1018 Romanos
318 969 393 1018 Titus
407 967 505 1036 pudore
516 968 554 1018 sui
566 983 641 1033 quam
679 967 731 1016 tuit
741 967 774 1016 ab
789 967 836 1024 bis.
853 967 947 1031 quibus
963 969 1046 1018 minus
1066 977 1142 1019 notus
1159 969 1216 1019 isto

112 1045 221 1094 maxime
233 1044 423 1096 conveniebat.’
455 1046 499 1096 Sic
515 1059 540 1094 c.
556 1049 594 1094 1⁵.
613 1053 644 1095 et
679 1058 740 1098 urus
752 1045 821 1094 vocis
833 1045 919 1096 obiitus
930 1060 976 1110 pro
988 1045 1095 1108 polluto.
1116 1047 1210 1098 Cicero

112 1125 150 1170 lii.
168 1121 207 1168 Μ.
227 1120 301 1170 Felix
313 1119 376 1171 Oct.
394 1135 418 1170 c.
430 1124 471 1170 30.
488 1120 580 1169 ‘Illum
587 1121 642 1184 jam
679 1121 795 1186 Philipp.
808 1135 862 1174 ιιι.
872 1128 914 1174 12.
931 1123 1047 1174 ‘Brutus
1059 1154 1066 1170 ·
1079 1157 1086 1172 .
1098 1157 1106 1172 .
1118 1159 1125 1173 .
1135 1125 1214 1189 equi-t

112 1197 185 1246 velim
196 1197 348 1258 convenire,
356 1197 401 1260 qui
413 1195 509 1246 initiari
518 1209 565 1246 uos
577 1197 643 1248 dicit
679 1205 760 1248 tutum
778 1199 811 1248 ad
829 1213 856 1248 se
875 1199 983 1250 abduxit
1001 1199 1156 1262 Dolabeltte‚
1170 1207 1211 1250 at-

110 1281 156 1324 aut
175 1273 259 1324 credit
277 1273 311 1324 dc
328 1273 401 1324 cade
417 1271 521 1322 infantis
539 1281 567 1324 et
584 1288 642 1324 sau·
678 1275 1002 1338 quecumnondumtanto
1014 1276 1153 1339 parricidio
1164 1276 1215 1330 ob·.

109 1350 205 1416 guine!
238 1350 303 1401 Aur.
314 1351 406 1400 Victor
424 1351 495 1414 Epit.
513 1363 581 1410 χιιι,
599 1353 642 1400 ar.
678 1351 762 1408 litum,
780 1351 881 1402 bostem
899 1367 946 1404 auu
963 1353 1093 1404 tententir
1107 1353 1210 1416 iudica·

107 1430 115 1458 ⁶
126 1427 201 1478 Adeo
217 1435 247 1477 ut
259 1441 325 1476 uuus
338 1441 372 1478 ex
383 1428 415 1476 iis
427 1427 561 1476 diceretur
572 1427 642 1477 lucu·
679 1425 734 1476 rit.'
768 1428 926 1478 Prudentius
944 1428 1089 1492 Hamartig.
1101 1430 1210 1482 Prtei'at.

109 1505 569 1571 pletinmquemqueitaoouveuirer
583 1519 641 1570 quas
678 1510 811 1556 extremo:
839 1505 924 1554 ‘Catu
949 1505 1102 1568 triumphat,
1125 1515 1210 1558 morte

107 1581 215 1633 baberi’
226 1584 275 1633 &c
552 1585 553 1588 ’
678 1577 768 1628 fratria
788 1581 903 1632 oblitus!
935 1582 1085 1646 Peristeplt.
1102 1596 1134 1632 ιι.
1151 1586 1210 1634 tot.

140 1660 154 1722 ς
166 1661 182 1707 7
202 1659 265 1706 Orat
275 1672 326 1708 ecee
337 1664 362 1708 te
373 1659 481 1708 domium
491 1658 567 1708 adbuc
575 1664 641 1722 tuuc,
679 1659 821 1716 ‘Discedo
840 1659 942 1711 adulter
958 1659 976 1711 J
979 1661 1094 1724 uppitsr,
1112 1661 1210 1726 Stupro

107 1739 132 1783 et
151 1737 194 1800 qui
211 1739 290 1798 posset
308 1751 401 1798 cogere.
421 1737 511 1786 meruit
529 1736 640 1800 inpetre-
679 1736 774 1786 sororis
787 1736 886 1786 oblite.’

107 1810 146 1874 re]
174 1811 302 1864 Quoniam
324 1812 527 1876 impetraretur
549 1813 641 1864 eadi-
711 1814 780 1863 cm.
800 1828 866 1864 xur·
898 1814 1086 1880 §tlmperdic
1102 1814 1212 1877 palatino

107 1888 199 1944 cimur.
210 1903 268 1952 pute
285 1887 413 1952 cogendo,
429 1903 505 1953 quam
522 1903 580 1952 qum
599 1903 640 1938 ro·
678 1889 811 1951 minuendo,
822 1905 864 1942 uec
878 1892 952 1941 mlum
963 1891 1121 1941 abundantem
1131 1893 1211 1954 rejici·

106 1965 193 2030 gando
206 1959 372 2029 renutrimus,
385 1979 435 2014 nou
454 1967 522 2016 solet
540 1967 577 2014 ita
592 1966 641 2018 hcc
678 1968 736 2015 eudo
749 1973 859 2030 tamtum,
869 1969 911 2016 sed
922 1967 965 2018 oin
974 1968 1131 2018 necessarium
1140 1983 1212 2018 ceur-

107 2041 218 2092 averbo
234 2041 363 2106 ‘cogere’
379 2042 513 2105 distingui.
546 2041 641 2091 Acida-
676 2045 754 2105 pundo
780 2044 920 2108 dimensam]
959 2045 1035 2093 Licet
1062 2044 1148 2093 Gudio
1175 2044 1209 2094 ad

106 2119 156 2169 lius
170 2125 246 2184 putat
256 2119 395 2184 legendum
410 2120 499 2169 mavult
515 2119 640 2183 imperare,
679 2119 771 2168 Pbmd.
783 2133 822 2170 tv.
833 2123 859 2168 4.
873 2121 949 2171 aliter
967 2121 1047 2170 risum
1065 2119 1153 2183 tuerit,
1169 2129 1211 2172 ta·

105 2197 275 2260 qrrodtnrncn
292 2212 308 2246 a
326 2196 641 2261 procedenticcgerenou
678 2208 737 2245 men
756 2211 813 2245 curu
834 2195 1209 2248 GronorioObserv.1t.22.
1243 2223 1251 2242 .

105 2273 171 2322 satis
191 2272 282 2333 distat,
301 2286 351 2322 nec
374 2286 433 2322 curu
455 2271 541 2322 orandi
563 2271 641 2321 verbo
678 2271 857 2321 incunctanter
878 2273 946 2336 lego,
969 2271 1127 2320 abundantem
1147 2272 1209 2321 reei-

104 2349 248 2399 oomietere
267 2347 464 2412 porrovidetur.
498 2347 554 2396 Niri
569 2347 641 2411 impe·
678 2349 877 2398 deodommtnm.
911 2347 1011 2397 Plinius
1027 2347 1126 2411 Paneg.
1138 2362 1160 2397 c.
1172 2361 1210 2398 ιι.

104 2433 173 2476 trare
190 2441 239 2490 pro
253 2425 351 2476 orando
369 2425 511 2488 impetrare
527 2423 570 2472 bic
586 2423 640 2473 dic·
675 2427 682 2452 ·
697 2425 783 2488 Magis
795 2425 911 2475 recidere
926 2424 1021 2489 aliquid
1033 2431 1061 2472 et
1073 2432 1208 2487 amputare

103 2511 160 2553 tum
174 2503 292 2559 velimus,
307 2501 404 2563 conjici
426 2501 495 2549 iuter
513 2499 563 2548 alia
581 2515 639 2564 pos·
678 2515 710 2552 ex
722 2503 772 2566 bis,
782 2517 840 2567 quos
853 2503 974 2566 princeps
985 2507 1108 2564 tanquam
1120 2515 1208 2550 necea·

103 2589 156 2636 set,
179 2579 268 2628 mauult
293 2579 416 2626 uoluntate
436 2576 583 2639 impetratu
612 2582 641 2626 ut
678 2579 746 2628 saria
766 2579 894 2644 reliquit3'
917 2578 960 2626 ubi
980 2579 1005 2626 iu
1030 2577 1087 2626 aliis
1106 2591 1208 2641 quoquc

102 2657 218 2706 Terent.
239 2654 353 2718 Adelph.
372 2667 416 2703 ιιι.
434 2658 459 2701 ὅ.
475 2657 517 2702 tt.
533 2651 640 2702 ‘Fidem
678 2657 744 2705 male
755 2655 867 2705 babetur
883 2657 892 2684 ‘
906 2653 1034 2717 rejicere!
1068 2655 1208 2704 Eumenius

102 2745 175 2782 nune
188 2741 301 2781 vestram
313 2730 436 2794 implorat
447 2760 454 2776 ·
515 2727 584 2792 quod
595 2743 641 2779 rus
678 2732 725 2781 Gr.
744 2733 803 2782 Act.
822 2731 993 2782 Constantino
1006 2731 1071 2792 Aug.
1090 2744 1149 2793 cap.
1165 2744 1212 2786 ιιι..

98 2809 145 2874 jus
158 2811 240 2872 cogit,
253 2809 278 2858 id
291 2809 424 2858 voluntate
436 2816 464 2855 ut
477 2805 620 2869 impetret!
677 2812 685 2838 ⁸
698 2811 813 2874 Plusque
831 2810 856 2858 in
873 2823 905 2858 eo
922 2815 1077 2858 consecutus
1088 2821 1124 2870 es,
1136 2808 1208 2871 quod

138 2887 210 2936 Car.
223 2875 278 2936 ιιι.
291 2887 305 2950 §
316 2889 331 2935 1
342 2883 412 2933 Soles
422 2882 509 2945 igitar,
522 2882 641 2945 Aug-acte.
678 2885 815 2948 roborasti,
830 2900 906 2951 quem
923 2884 1037 2934 recidisti
1048 2885 1074 2934 iu
1085 2898 1127 2948 eo,
1137 2884 1207 2949 quod

100 2964 277 3026 sotusinpuum
288 2961 400 3022 omnium,
416 2960 457 3023 qui
473 2960 549 3009 adbuc
565 2960 639 3023 impe·
677 2962 816 3013 remisisti!

101 3044 268 3102 reverentur
282 3039 392 3102 princeps
409 3050 471 3086 erres
489 3036 639 3101 prestitisti]
710 3041 778 3091 cap.
800 3053 849 3090 xv.
881 3042 927 3104 §1
954 3040 1025 3096 Quod
1046 3038 1084 3088 bic
1102 3043 1126 3088 te
1147 3039 1209 3088 ciria

101 3117 207 3166 Merito
224 3115 353 3166 Gruterus
365 3112 451 3176 rejicit
462 3112 638 3176 conjecturam
676 3131 766 3180 temper
786 3117 885 3178 dedisti,
903 3131 961 3181 quoe
981 3115 1095 3182 afficiare
1114 3115 1212 3179 poetica,

101 3193 183 3245 istem
196 3193 317 3248 Actdatit,
334 3196 361 3240 ut
376 3190 485 3254 princeps
498 3203 559 3238 essm
568 3189 643 3240 resti.
675 3193 769 3244 uatem
786 3195 902 3260 imitatio]
926 3193 985 3244 1100
998 3201 1049 3254 est,
1061 3209 1125 3258 qno,
1137 3194 1207 3257 qut..

101 3271 170 3320 tieti.
205 3270 277 3319 Alios
286 3277 357 3318 emta
366 3266 496 3329 legionum
507 3262 638 3329 suffragia,
676 3285 726 3336 que
745 3272 793 3320 ribi
811 3271 923 3321 libenter
940 3285 1087 3334 proponere
1099 3270 1208 3321 deberet

100 3348 170 3396 alios
180 3361 276 3398 vacans
287 3345 357 3404 arula,
367 3343 430 3392 alios
442 3339 553 3390 affinitas
564 3343 639 3405 regia
677 3348 825 3398 imitandos.
859 3348 984 3398 Paulinus
1001 3349 1033 3398 de
1047 3348 1081 3398 V.
1099 3347 1207 3398 Martini

100 3423 371 3488 imposuerantreip.=
384 3421 453 3470 uoltu
462 3426 548 3484 autem
555 3419 638 3470 'lireo-
676 3437 709 3474 ιι.
721 3429 776 3474 1⁰8.
790 3424 955 3489 ‘Octoginta
972 3425 1111 3489 illuojusta
1126 3425 1215 3478 admi.

100 3501 195 3550 dorius
213 3504 241 3548 ut
256 3499 364 3562 pincepe
376 3503 436 3548 erret
450 3497 606 3561 prestiterat,
621 3498 638 3548 i.
677 3502 743 3550 ratio
757 3500 852 3550 fratres
862 3502 998 3557 Traxerat,
1010 3501 1042 3549 ad
1055 3507 1135 3549 tautae
1146 3515 1214 3564 spe·.

99 3593 125 3627 e.
144 3593 195 3641 per
213 3590 366 3640 seruatque
383 3577 493 3624 uirtutes
509 3575 638 3640 principa·
677 3579 761 3627 culum
779 3579 892 3635 virtutis,
909 3587 939 3626 ut
958 3578 1018 3626 inde
1035 3577 1155 3628 Sumeret
1166 3577 1205 3626 iu·

99 3663 162 3704 turn
184 3658 389 3716 comparaverat.
422 3651 510 3701 Minus
530 3651 638 3702 obscure
676 3662 779 3717 spector
795 3654 859 3704 telin
874 3654 985 3704 imitatio
996 3653 1101 3702 mores.¹
1132 3652 1206 3706 Intra

98 3731 249 3794 legeretur,
260 3729 383 3780 virtateut
390 3729 499 3792 princeps
506 3743 567 3778 erres
575 3743 637 3792 pra·
676 3744 699 3782 c.
710 3743 771 3778 xcv.
788 3731 796 3758 ‘
809 3730 874 3779 Cum
886 3737 912 3779 te
930 3763 938 3779 .
951 3761 975 3779 ..
991 3743 1082 3792 agmen
1094 3729 1213 3780 bostium.

97 3805 368 3870 stitisti;(ute.vu.
385 3807 498 3857 ‘Virtus
517 3813 636 3859 tuem.
677 3805 875 3870 triumphalibus
904 3804 1019 3869 vestigiis
1047 3811 1205 3856 atterentem

99 3883 245 3948 praestitit,
257 3889 286 3932 ut
296 3889 430 3947 oporteret
448 3892 475 3933 te
492 3885 638 3948 principem
676 3884 804 3947 pictorum
822 3890 899 3948 utque
917 3880 1035 3930 fictorum
1052 3889 1207 3944 assequetur

97 3949 205 4024 fieri2’)
232 3961 282 4017 rel,
303 3965 331 4008 tet
349 3961 457 4024 punceps
476 3974 526 4010 esse
544 3961 639 4012 deberet
675 3957 804 4009 imitatio!
821 3957 1212 4020 lauert-Paneg.Constantino.

98 4037 246 4099 prestitisti
252 4054 262 4094 ,·
279 4043 308 4088 ut
324 4050 347 4086 c.
359 4051 386 4086 x.
403 4037 480 4088 ‘cum
498 4039 585 4088 omnia
601 4037 638 4088 t'u·
676 4035 743 4100 Aug.
754 4051 778 4086 c.
790 4050 810 4086 ι.
826 4035 878 4084 ‘Et
894 4033 977 4100 siquid
989 4033 1059 4084 forte
1071 4033 1205 4084 commoda

99 4129 191 4177 cerea,
201 4124 230 4164 ut
241 4115 368 4178 imperare
380 4114 509 4165 deberer.’
675 4113 793 4177 dicimus,
801 4129 832 4164 ex
841 4115 885 4163 illo
894 4112 966 4162 tonte
977 4121 1005 4162 et
1017 4112 1103 4176 capite
1114 4111 1204 4162 iacun·

138 4195 154 4259 §
180 4198 197 4244 2
222 4191 311 4242 Audite
332 4191 374 4241 boc
393 4192 481 4256 publici
500 4193 638 4258 parricidoe,
674 4189 725 4241 diae
738 4186 848 4241 imitatio
857 4198 946 4240 nostra
956 4188 1075 4240 derivat.¹

99 4271 157 4332 qai,
173 4267 248 4320 oblitu
257 4267 319 4333 fide,
335 4268 482 4318 dominorum
492 4275 586 4333 sceptro
599 4284 637 4319 ce·
708 4267 758 4324 Qui
768 4283 838 4332 quom
847 4268 935 4329 feriter
946 4265 991 4318 tibi
1001 4266 1107 4327 fairrent
1123 4280 1211 4330 sepum.
