2948 4852
337 359 473 410 aarum
498 355 635 407 urorur
660 352 798 404 ranae.
838 350 910 401 ιιιι.
926 335 978 398 15.
1116 331 1204 398 2865

105 493 315 574 quadringenta!
348 502 491 554 ldorrliur:
514 499 562 550 ‘Si
574 512 637 564 qna·
674 493 779 559 milliar,
797 492 855 558 quia
873 492 965 543 credat
987 491 1013 540 iu
1034 503 1085 540 uno
1104 489 1206 542 ferculo

106 582 430 648 dringenriraer‚aaplem
441 575 639 637 milliadeaunt,
675 569 871 635 abrumpluml'
894 570 947 620 Adi
966 569 1083 620 Gronau.
1101 568 1135 618 da
1154 569 1206 620 Pe·

106 662 158 711 Eri·
166 659 266 710 animur
280 657 336 715 libi,
346 663 407 706 aaut
418 667 512 716 morer,
522 660 564 704 art
575 653 638 708 rita,
675 663 736 702 cun.
746 651 809 700 Vct.
820 661 858 699 rr.
869 651 894 698 4.
911 651 998 698 Amin

106 735 235 800 fidaeque,
253 729 414 782 Plebreria.'
446 729 546 780 lterum
557 727 639 780 Juve-
707 727 888 792 §amm
909 741 937 776 uc
959 724 1098 790 lemnum]
1123 723 1161 774 Η.
1182 737 1206 775 e.

107 813 193 862 nulia:
222 819 230 842 ⁴
245 807 447 871 Quadringenta
467 805 518 855 tibi
540 804 562 853 ri
583 802 640 868 quir
677 805 767 869 qualer
778 804 845 865 loca,
858 804 883 854 iu
896 802 988 868 quibua
999 809 1074 864 enei
1088 810 1208 866 tempora

107 891 194 950 Deua,
204 895 250 938 aut
266 885 355 936 cimilia
375 884 435 946 Dia,
450 883 486 932 Et
501 880 592 930 melior
601 877 640 928 fa·
677 879 854 946 ruppeditrnl·
887 880 959 930 Nihil
974 879 1016 930 hic
1032 879 1208 943 peregrinum,

109 969 143 1016 tia
154 965 265 1015 douaret
276 961 421 1020 humuncio,
428 966 539 1026 quantur
550 958 591 1006 Ex
602 955 640 1006 ri·
676 966 705 1008 et
715 956 820 1008 aliunde
838 955 987 1016 advectum,
1005 957 1068 1006 nihil
1080 956 1131 1006 aliu
1143 963 1210 1006 lem·

108 1041 246 1092 lriloiiarer
256 1041 262 1089 l
272 1038 279 1062 '
290 1037 390 1089 Plinior
398 1038 483 1102 Epiri.
491 1049 510 1086 r.
519 1038 559 1084 1⁰.
576 1033 641 1084 ‘Er-
678 1049 742 1100 pora
753 1041 863 1085 nalum..
885 1035 952 1087 Quae
967 1033 1019 1084 duo
1030 1033 1057 1082 in
1068 1031 1208 1096 superiori·

109 1135 138 1170 re
150 1127 236 1169 auiam
249 1117 297 1168 ubi
307 1125 411 1166 caulam
418 1113 525 1164 millium
536 1125 641 1162 cenrum
677 1111 725 1161 bur
737 1109 897 1175 potissimum
909 1111 1043 1174 carpebat.
1058 1107 1149 1174 ΕΜ.

111 1197 175 1247 ralia
188 1196 297 1254 indicat,
309 1192 378 1259 quod
389 1191 459 1256 apud
469 1205 515 1240 noa
526 1189 642 1240 Decuriu
710 1187 872 1237 Parsimonia
881 1185 975 1248 cunm]
993 1187 1086 1238 Variua
1099 1188 1131 1236 ad
1143 1199 1210 1238 mara

110 1289 148 1324 er.
182 1272 312 1336 Igiturut
329 1279 356 1320 te
373 1283 425 1319 nou
439 1267 642 1318 Decurioueru·
679 1265 763 1328 gineur
773 1267 858 1316 cultu.
874 1263 979 1316 Acidal.

112 1356 176 1410 lum,
198 1365 289 1402 verum
310 1350 389 1399 etiam
413 1347 500 1412 equile
523 1345 643 1395 Romano
712 1339 874 1405 Blandusiae
888 1340 989 1402 indetur
1005 1339 1123 1404 aureolo]
1147 1339 1210 1390 val·

111 1429 287 1496 perfruamur,
303 1425 384 1477 oii'ero
395 1425 443 1474 ribl
455 1423 488 1473 ad
500 1421 643 1486 implendae
679 1418 761 1468 laius:
779 1419 895 1469 ‘Facere
904 1425 976 1468 recte
984 1419 1056 1468 cirea
1067 1433 1125 1468 auor
1136 1417 1211 1468 Priu-

112 1507 210 1572 cqnilir
230 1504 370 1554 facultates
391 1515 448 1554 ecc.
471 1501 553 1552 millia
571 1513 644 1548 num·
680 1510 743 1560 cepa
761 1496 875 1566 optimus
894 1494 1015 1564 faciendo
1032 1497 1120 1556 ducet,
1140 1507 1212 1544 eum·

112 1581 203 1634 murm'
235 1581 369 1636 Pluribus,
395 1593 453 1642 quaa
478 1576 511 1626 ad
531 1588 644 1630 manum,
680 1587 732 1639 quc
755 1573 790 1623 ait
811 1574 923 1636 imperio
944 1574 1069 1624 maximus
1091 1573 1212 1636 exemplu

113 1654 270 1710 testimoniis
287 1657 314 1706 in
333 1670 362 1706 rc
380 1655 485 1704 minima
504 1651 583 1702 dubia
601 1665 646 1700 ru«
681 1649 766 1713 major
775 1649 834 1699 erl!
846 1650 949 1700 Pulcer.
980 1648 1213 1712 dheodoalarpra·

113 1737 252 1802 perredeo,
271 1743 300 1784 ct
314 1730 495 1783 incredibilem
510 1742 645 1800 summam,
682 1725 806 1791 cepiirad
816 1724 1049 1776 Honoriumdlium
1059 1724 1129 1788 apud
1139 1725 1213 1774 Clau·

114 1828 174 1879 qum
193 1809 443 1862 nostratiamoueraa
462 1813 645 1857 coronatorum
683 1803 787 1854 dianam
806 1803 840 1853 de
860 1817 901 1854 ιν.
922 1802 1033 1854 linumii
1055 1801 1215 1853 cumulatur

113 1888 242 1940 milliouer
255 1885 300 1950 <ut
311 1882 445 1947 rommua)
454 1883 518 1932 duna
529 1895 562 1932 ac
572 1881 646 1930 dimi·
682 1890 690 1915 ⁴
703 1884 735 1934 In
747 1898 882 1935 commuue
895 1883 974 1948 juber
990 1883 1013 1933 ai
1024 1883 1095 1948 quid,
1110 1893 1215 1932 ceuren-

115 1966 215 2015 diatum
231 1961 347 2022 coniicit,
358 1962 391 2011 ad
408 1960 485 2010 fidem
499 1959 606 2023 reduco,
617 1957 646 2008 fi·
684 1977 735 2028 qua
758 1962 909 2017 tenendum.
932 1961 1034 2012 Primae
1053 1960 1128 2025 jurae
1148 1959 1216 2022 rubi,

116 2041 236 2105 denaque
247 2040 306 2102 lego
321 2036 440 2088 aumas
452 2036 510 2085 CD·
530 2037 580 2084 hoe
597 2043 647 2090 erl·
684 2047 749 2090 tuuc
759 2041 940 2090 observantior
950 2040 1019 2105 requi
1034 2039 1079 2088 Fit
1095 2038 1217 2104 populna,

115 2117 324 2183 quadringenti,
341 2116 408 2164 ram
432 2115 509 2179 paulo
526 2112 648 2163 tolerabi·
684 2132 734 2168 nee
751 2117 822 2168 farre
838 2124 918 2182 negat
937 2131 996 2168 cum
1018 2115 1114 2166 viderit
1132 2117 1215 2178 iprum

115 2195 182 2244 liure
199 2191 434 2257 impeuaa‚deuum
451 2190 557 2240 millium
574 2203 647 2238 eoru·
685 2193 827 2245 Auctorem
846 2206 938 2257 parere
955 2191 1013 2242 ribi.
1046 2192 1218 2256 Componirur

115 2278 247 2321 natorum.
281 2269 339 2320 Scio
353 2269 423 2318 huuc
440 2269 534 2331 iprum,
545 2281 595 2332 quo
614 2266 648 2316 de
686 2271 757 2320 orbiu
769 2270 850 2334 Regia
861 2269 894 2320 ad
906 2269 1061 2334 exemplum,
1072 2283 1120 2318 uec
1131 2269 1170 2318 ric
1178 2268 1218 2318 lu·

115 2349 255 2414 loquimur,
266 2347 411 2406 Vitelliam,
422 2359 452 2394 ac
471 2345 501 2394 C·
511 2345 651 2406 Curarem,
685 2344 794 2397 flectcre
811 2361 900 2396 remur
914 2345 1050 2396 Humauou
1065 2344 1154 2396 edicta
1172 2359 1216 2394 ra·

116 2433 146 2476 et
168 2431 229 2488 port
250 2423 421 2486 Elogabalum
444 2419 576 2484 proforiur
597 2434 650 2469 σω·
686 2421 1130 2490 leuandamritaregenuir.’Lioirr·
1146 2423 1218 2475 Quo·

116 2513 204 2561 nacae,
217 2499 262 2548 ned
280 2499 313 2547 de
329 2496 434 2548 ferculir
451 2498 491 2547 iric
508 2510 559 2547 nen
570 2495 649 2559 jmuia
687 2501 755 2552 niam
779 2500 823 2566 qui
840 2499 981 2564 ricinium,
1000 2513 1051 2548 uon
1064 2499 1150 2562 jubel,
1171 2497 1218 2547 red

116 2575 236 2642 prandiis
259 2576 373 2624 coenirra
402 2589 496 2624 nermo.
528 2575 588 2624 Nec
609 2587 650 2624 ma
688 2577 883 2640 pererrarlet,de
897 2591 949 2642 quo
966 2589 1052 2639 supra.
1085 2575 1218 2626 irrueru-

118 2653 242 2719 prataria
260 2651 422 2702 Hadrianum
438 2652 545 2703 lunium
564 2653 651 2703 duim.
688 2667 747 2703 men
758 2653 820 2718 quia
831 2651 974 2702 efficaciter
985 2651 1134 2716 perrundet.
1158 2651 1219 2701 Nou

119 2745 162 2784 rr·
175 2735 200 2782 9.
223 2731 342 2781 maierliia
367 2730 432 2780 anille
455 2729 593 2780 emendare
610 2731 652 2794 (ct
688 2732 774 2780 euim·
788 2731 826 2780 ric
839 2728 1073 2780 iufleelarereurur
1085 2727 1220 2778 Humanae

117 2805 651 2872 hubelranequireraquantur);reduon
689 2807 777 2857 edicta
795 2807 892 2870 valent,
910 2819 986 2870 quam
1008 2805 1062 2855 ulla
1084 2803 1221 2869 regenrir!

117 2886 228 2938 hercule
250 2885 336 2947 rideo,
359 2895 389 2934 ur
410 2899 443 2934 ea
469 2899 569 2934 ramma
591 2883 652 2933 dum
690 2883 767 2934 Adde
786 2884 877 2934 Claud.
894 2883 928 2932 da
946 2896 984 2932 rr.
1004 2883 1082 2934 cona.
1100 2881 1222 2933 Houorii.

118 2964 237 3030 aquerlri
256 2963 412 3028 patrimonio
430 2962 582 3021 courenlial.
593 2975 652 3026 quaa
688 2961 780 3028 Sclrrff.
813 2962 952 3024 Prrecipue
971 2961 1144 3010 conculendua
1155 2961 1222 3009 Bar·

119 3041 261 3106 perspicue
282 3041 391 3090 alterum
408 3046 560 3096 taurumac
579 3038 654 3088 dimi·
690 3041 760 3090 tlriua
779 3039 811 3088 ad
830 3039 965 3090 claudian.
978 3051 1017 3088 ιι.
1031 3037 1110 3088 Coun.
1121 3037 1222 3090 Houor.

119 3119 223 3168 diarium
235 3117 343 3182 ampliur
360 3117 458 3168 reddit.
493 3118 587 3182 Itaque
598 3118 654 3181 opi·
690 3121 796 3168 vam.
814 3117 902 3168 Arria.

119 3195 382 3246 niouamuoumuto.
406 3193 482 3246 Quod
495 3195 581 3258 paullo
593 3199 654 3244 aute
693 3221 699 3230 ·
723 3195 791 3244 Car.
810 3207 857 3244 xv.
890 3190 1110 3258 §moran-iri]
1138 3191 1223 3242 Recta

120 3280 164 3322 erl
175 3271 209 3322 de
221 3271 308 3322 infami
320 3272 459 3332 dilcclo,id
470 3271 595 3322 haclenur
607 3273 655 3321 mi·
691 3270 834 3335 mrpoudel
854 3270 892 3320 illi
910 3272 942 3320 ad
957 3272 1051 3320 modum
1058 3286 1069 3330 ,·
1085 3283 1142 3320 cum
1153 3268 1223 3318 ‘for-

120 3350 149 3398 lri
163 3363 214 3400 non
227 3349 323 3401 lacrum
336 3349 362 3398 iu
373 3349 508 3410 Historiiu,
520 3363 570 3400 uun
582 3348 655 3398 audi·
692 3347 778 3397 mara'
796 3347 831 3397 ait
843 3348 941 3412 aliquid
954 3347 987 3397 ad
999 3348 1106 3396 alterius
1117 3347 1221 3396 modum

121 3433 189 3476 tum·
221 3424 263 3478 Tu
286 3425 404 3486 dhreora,
426 3425 472 3488 air,
487 3425 604 3491 ‘quiaquia
626 3440 655 3475 er
691 3423 788 3481 faeere,
801 3431 828 3472 at
845 3424 1002 3488 eatproprie
1015 3423 1225 3482 architectorum,

121 3502 219 3551 lector.
235 3500 318 3550 Licin.
351 3501 440 3566 Major
457 3513 564 3558 summa,
580 3515 656 3566 qurnr
692 3501 737 3567 qrri
752 3501 833 3551 totino
849 3501 953 3551 aedificii
973 3501 1087 3564 speciem
1109 3500 1135 3549 in
1152 3499 1226 3549 breui

123 3592 174 3644 pro
185 3578 309 3640 *eudemi
331 3591 421 3639 ceusu,
442 3577 476 3627 de
494 3593 551 3643 quo
568 3581 655 3628 rtatim
693 3577 767 3642 quael
779 3577 876 3626 tabella
887 3577 1020 3632 exhibent,
1032 3577 1063 3626 ad
1084 3589 1160 3642 qrrem
1171 3589 1226 3625 mo·

123 3653 252 3706 rubdidil.
269 3653 375 3704 Idcirco
388 3655 521 3705 Livineius
534 3655 565 3705 (l.
575 3655 609 3704 D.
621 3656 657 3704 le·
693 3653 754 3703 dum
764 3661 845 3704 lorum
854 3651 1225 3716 deiudeerigaturrrdiliciunr.

122 3733 176 3794 git,
186 3731 255 3780 unde
267 3739 439 3794 praecurram
450 3729 531 3781 iuuerit
540 3745 594 3782 om.
610 3733 658 3784 Ni·
695 3731 793 3782 Confer
809 3731 955 3781 Broulrlrua.
968 3732 1000 3780 ad
1017 3731 1147 3780 Tibullum
1160 3743 1191 3786 ιι.
1203 3735 1227 3784 d.

124 3809 191 3860 titur
211 3807 290 3858 Plinii
307 3807 393 3869 Epiri.
410 3821 431 3858 r.
445 3811 485 3858 19.
503 3809 592 3858 Gellur.
625 3809 659 3860 V.
695 3813 736 3858 22.
766 3808 865 3858 Eodem
878 3809 954 3858 modo
969 3807 1228 3858 CiceradeOralor.

124 3885 366 3934 V.D.ad1airium
381 3890 482 3936 xum.
510 3886 659 3950 Liprinade
695 3899 715 3937 ι.
737 3889 777 3935 19.
798 3887 806 3916 ⁸
826 3885 860 3935 de
880 3883 1071 3936 conformandis
1096 3885 1228 3935 homiuum

125 3963 243 4026 Maeuii.
255 3963 364 4012 Roman.
373 3975 413 4012 rr.
421 3965 446 4012 l.
458 3962 490 4012 ad
499 3963 567 4012 bunc
576 3963 659 4013 lucrm
694 3961 808 4012 moribus
818 3960 844 4012 ι’
861 3962 906 4012 ubi
918 3964 985 4013 male
1002 3963 1061 4012 cod.
1072 3977 1148 4029 quem
1163 3959 1227 4019 ridi.

125 4041 167 4090 ita
178 4039 303 4090 adnotat:
322 4040 397 4090 ‘Nec
406 4039 469 4090 ralia
479 4037 659 4103 firmitatem,
695 4039 915 4091 ‘confirmandin'
931 4039 1017 4090 Annia.
1103 4071 1106 4078 ·

126 4129 207 4180 quem
219 4123 264 4166 aul
282 4130 344 4180 quor
362 4121 461 4180 tangat.
495 4117 565 4166 Puto
576 4117 659 4167 vilei·
728 4115 889 4180 Aldicundir]
913 4117 983 4169 Quid
1000 4117 1022 4166 ri
1037 4115 1183 4180 respexerit
1194 4113 1227 4165 rd

126 4193 191 4242 lium
204 4198 288 4242 tameo
299 4193 354 4242 riin
366 4193 451 4244 rarbir
460 4193 517 4258 ejus
527 4193 660 4251 emender,
696 4191 913 4242 conrrr'ctudiuem
946 4193 1093 4257 proerarlim
1123 4192 1228 4242 Genea·

128 4266 188 4324 liu.
212 4268 278 4320 nilla
299 4269 429 4320 celim
449 4289 452 4294 Δ
469 4270 539 4323 Nam
561 4269 595 4322 de
615 4269 661 4322 illo
698 4269 911 4337 rum,quidllum
923 4271 1011 4323 ‘minua
1027 4273 1229 4337 placentarum·
