2896 4834
223 315 313 394 arto
489 369 495 382 .
537 361 540 368 ·
570 333 732 390 uersum
764 333 978 386 urrunsnrs

224 483 356 546 semibus
366 479 503 563 scriptos,
512 487 546 542 et
556 479 634 541 iuter
640 477 848 558 jucundissimi
860 477 942 542 illius
956 483 1052 560 poene
1060 479 1196 540 carmina
1208 477 1327 544 obuiusi

225 579 356 644 Addunt
366 586 399 640 00
409 577 556 640 editiones
568 575 728 648 nonnulla,
742 584 777 636 ut
789 576 967 638 Parisiensis
987 582 1142 638 104010.
1153 576 1327 658 Panegyri-

224 695 293 738 curn
305 673 640 754 Furnodii,1taiiaeregi
661 672 848 734 Theoderico
861 673 981 734 *dietum
1002 673 1172 734 Mediolani
1189 673 1240 736 tel
1258 673 1327 734 Rs

226 791 330 834 venua
343 772 424 834 circa
444 770 488 834 A.
503 771 542 834 G.
565 777 636 834 007.
658 769 709 832 Ι001
732 776 802 831 aba.
815 769 992 849 editumque
1011 789 1079 830 oum
1106 769 1174 832 aliis
1195 769 1328 832 Enuodii

225 869 353 950 seriptis,
365 869 457 930 etiam
470 869 546 928 inter
559 865 709 928 Sirmoudi
720 866 824 947 Opera
835 865 872 928 Τ.
888 881 912 928 r.
928 875 965 926 et
984 866 1132 946 aliquibus
1155 859 1327 928 cassiodori

225 966 414 1039 editionibus,
436 973 469 1025 et
493 964 534 1026 ad
557 964 672 1026 calcem
697 963 776 1024 vitae-
792 963 971 1024 Theodorioi
993 985 1013 1024 a
1032 963 1156 1024 ..loanue
1179 962 1331 1024 cochlea

225 1064 354 1144 scripte,
369 1071 458 1142 atque
482 1059 638 1122 aloanne
652 1056 866 1139 Periugslrlold
887 1060 1057 1132 illustratae,
1080 1060 1215 1122 Holmiae
1235 1065 1331 1124 1000.

226 1167 259 1222 4.
273 1181 303 1242 p.
315 1165 387 1222 201.
399 1178 461 1238 seq.
476 1177 544 1220 oum
558 1155 709 1218 Sirmondi
722 1165 754 1218 et
765 1156 866 1218 Andr.
880 1155 1000 1218 Sclrotli
1012 1158 1090 1220 uotis
1100 1179 1131 1239 p.
1144 1163 1216 1220 000.
1227 1177 1296 1238 seq.

652 1335 755 1398 Plinii
767 1334 900 1417 Scripta.

270 1463 387 1528 Extant
398 1463 464 1544 ejus
477 1462 678 1546 Epistolarum
691 1465 759 1525 libri
772 1465 1024 1546 decomanorum
1044 1464 1168 1526 ultimus
1187 1461 1335 1548 epistolas

229 1563 352 1644 Trajaui
364 1569 396 1624 et
405 1563 503 1624 Plinii
522 1571 640 1622 mutuas
656 1561 696 1623 de
715 1564 803 1624 rebus
814 1564 944 1623 maximo
970 1559 1098 1643 publicis
1121 1563 1151 1622 in
1176 1565 1336 1644 provincia

229 1665 355 1744 scriptas
374 1659 591 1741 complectitur.
632 1659 717 1720 Ante
740 1681 809 1722 saeo.
831 1660 1064 1748 x11.rarissims
1086 1677 1186 1720 earum
1206 1661 1334 1723 mentio·

231 1758 320 1818 Unus
341 1755 487 1818 Sidonius.
500 1753 689 1836 Apollinaris
710 1757 775 1834 ejus
791 1757 931 1836 epistolas
950 1765 1172 1828 commemorat,
1198 1776 1276 1838 quas
1303 1763 1336 1818 et

227 1853 338 1915 imitari
349 1851 470 1912 studuit.
513 1851 547 1910 Is
559 1871 628 1911 varo
641 1871 746 1913 novem
757 1860 872 1912 tuntum
885 1853 976 1913 libros
994 1862 1216 1926 commemorat,
1232 1871 1284 1914 rx.
1302 1863 1337 1920 1.

228 1949 310 2010 unde
335 1946 458 2030 quidam
480 1946 587 2007 librum
608 1945 757 2008 decimum
778 1947 884 2009 Plinio
911 1949 1138 2029 abjudicarunt:
1167 1942 1337 2016 etism'Jo.

231 2046 450 2108 Mansiouarius
462 2053 577 2105 tantum
594 2053 664 2105 octo
685 2055 845 2116 0000000000
868 2046 920 2106 sed
941 2046 1080 2107 Sidonius
1098 2047 1147 2108 vel
1171 2049 1202 2107 in
1226 2047 1337 2110 codice

227 2161 285 2205 suo
304 2151 419 2204 tautum
438 2161 552 2203 novem
573 2141 664 2202 libros
683 2143 800 2215 habuit,
820 2149 855 2202 ut
884 2144 936 2224 qui
959 2152 1065 2204 extant
1087 2143 1206 2205 codices
1230 2147 1339 2228 scripti

230 2247 347 2302 tantum
360 2259 466 2302 novam
482 2239 604 2312 habeut,
616 2239 666 2301 vel
678 2261 729 2300 eos
748 2240 838 2301 libros
849 2249 965 2301 tantum
985 2242 1160 2312 nominavit,
1175 2261 1249 2322 quos
1269 2243 1339 2324 ipse

231 2340 364 2399 imitatus
384 2346 446 2406 est:
468 2355 537 2397 nam
549 2343 581 2396 et
593 2336 734 2416 epistolas
756 2337 873 2398 suasio
893 2338 986 2398 libros
1007 2357 1114 2400 novem
1132 2339 1258 2419 partitus
1279 2347 1337 2404 est.

232 2434 352 2494 Plinius
362 2433 489 2514 quidem
511 2434 573 2513 ipse
586 2433 701 2494 videtur
715 2434 822 2522 librum
845 2434 994 2496 decimum
1016 2436 1173 2516 separatim
1193 2433 1338 2512 edidi-e,

231 2531 313 2612 quod
327 2532 356 2591 iu
369 2531 408 2591 iis
420 2551 477 2591 uon
491 2529 601 2608 ingenii
615 2529 734 2590 laudem
747 2539 908 2611 spectarat,
930 2537 964 2592 ut
984 2532 1015 2590 in
1036 2531 1153 2593 ceteris.
1195 2529 1338 2612 Symma-

232 2629 308 2688 chus
323 2627 443 2709 quidem
464 2636 495 2686 00
511 2627 658 2688 decimum
680 2627 789 2687 librum
809 2629 945 2688 babuisse
967 2627 1102 2689 videtur:
1133 2647 1203 2688 uam
1225 2645 1338 2690 novem

233 2725 324 2785 libros
335 2725 451 2806 scripsit
462 2725 626 2784 imitatione
645 2723 796 2784 Pliniana
809 2727 962 2797 orationis,
971 2733 1002 2785 et
1021 2725 1131 2804 ingenii
1142 2743 1243 2798 causa,
1263 2727 1339 2786 item

227 2822 274 2884 ad
289 2823 434 2903 privatos:
452 2821 593 2902 epistolas
605 2821 644 2882 ad
658 2821 849 2903 imperatores
861 2823 939 2883 libro
952 2823 1072 2903 proprio
1084 2821 1256 2902 complexus
1279 2829 1340 2899 est,

234 2934 360 2999 eumque
370 2917 518 2978 decimum
528 2916 701 2978 lecit.-—De
719 2918 847 2979 inventis
860 2918 1004 3000 Epistolis
1015 2918 1111 2980 Plinii
1125 2918 1187 2981 vid.
1206 2917 1340 2980 Decem·

135 2995 145 3010 ‘
235 3015 331 3082 orrum
345 3015 443 3076 Porri.
457 3015 549 3075 uin..
565 3019 656 3096 pse.
699 3013 734 3074 10
746 3015 820 3076 aren
831 3017 969 3076 ravennas
981 3023 1050 3076 124.
1074 3033 1192 3098 nempe,
1216 3024 1249 3076 n
1270 3017 1350 3099 opi..

234 3131 300 3184 nor,
310 3131 402 3192 super
414 3111 525 3192 priores
538 3110 590 3172 lib.
606 3127 656 3171 rx.
670 3129 779 3192 easque
793 3111 877 3173 'adeo
900 3111 970 3172 libri
991 3129 1027 3174 x.
1041 3111 1096 3172 etsi
1115 3112 1146 3171 in
1168 3111 1252 3174 libris
1268 3132 1339 3173 uos-

236 3210 289 3268 tris
301 3215 369 3268 sunt
381 3215 497 3267 tantum
510 3213 581 3267 100.
622 3207 738 3268 Verum
751 3210 781 3268 in
794 3211 852 3270 boc
865 3210 942 3270 libro
962 3209 1113 3270 variarunt
1134 3207 1209 3270 Mss.
1223 3217 1257 3269 ut
1268 3217 1340 3290 post

235 3303 538 3375 commemorabimus,
555 3324 632 3366 cum
655 3304 693 3365 00
717 3305 786 3367 000.
814 3307 957 3368 dicemus.
1011 3305 1190 3387 Vincentius
1213 3305 1339 3372 Bellov.

237 3395 326 3481 spec.
341 3399 427 3464 Hist.
437 3398 512 3460 dicit
525 3417 560 3460 x.
571 3408 621 3464 67.
635 3401 777 3486 epistolas
790 3403 885 3463 Plinii
910 3401 950 3462 ad
969 3401 1111 3463 Divesos
1131 3409 1279 3464 trecentas
1291 3423 1339 3463 re-

234 3498 333 3580 periri.
376 3495 441 3558 Hic
454 3497 700 3578 quidemlibrum
721 3498 870 3560 decimum
892 3519 951 3560 non
965 3499 1050 3560 vidit.
1090 3497 1153 3560 Sed
1166 3500 1339 3581 opinionem

236 3598 384 3674 00000010
397 3595 449 3655 lib.
463 3596 585 3656 0010000
598 3595 710 3656 refellit
729 3595 902 3668 Catanaeus,
916 3605 949 3656 ut
962 3597 1036 3657 alios
1048 3604 1211 3658 taceamus.
1252 3595 1339 3658 Ree-
1433 3607 1434 3650 l

236 3695 297 3758 aius
310 3693 360 3754 alii
373 3692 485 3764 librum,
494 3691 684 3771 singularem,
702 3702 734 3754 et
750 3693 871 3774 reliquis
888 3695 979 3754 etiam
992 3693 1207 3776 praeferendum
1219 3701 1339 3774 putant.

238 3789 371 3850 loannes
384 3787 498 3850 Severo
511 3789 551 3850 ad
572 3789 727 3852 Sidonium
741 3813 770 3874 p.
786 3797 859 3854 534.
898 3790 995 3853 ‘Nou
1013 3799 1067 3862 est,
1092 3789 1172 3870 quod
1186 3789 1339 3868 ingeniosi

237 3888 332 3950 uerba
345 3885 461 3948 Sidonii
473 3895 605 3968 captent,
619 3897 650 3948 et
663 3897 834 3970 argutantur
849 3889 996 3974 decimum
1015 3887 1217 3968 Epistolarum
1229 3887 1338 3950 librum

238 3983 279 4044 ad
291 3983 454 4062 Trajanum
467 3985 597 4063 spurium
610 3995 641 4045 et
654 3987 872 4068 supposititium
891 4007 964 4046 esse.
1005 3984 1111 4045 Plinio
1123 3993 1257 4045 asserunt
1268 3983 1339 4044 Jus-

238 4079 319 4141 iinus
330 4079 459 4162 Martyr,
472 4078 684 4154 Tertullianus,
699 4083 857 4156 Eusebius,
873 4081 1007 4152 Orosius,
1020 4090 1052 4141 et
1065 4081 1181 4162 reliqui.
1221 4079 1339 4144 Verum

239 4187 273 4240 ut
285 4176 373 4256 longa
384 4175 499 4238 diversi
507 4181 671 4257 argumenti
684 4179 791 4241 librum
804 4180 981 4260 singularem
1004 4179 1127 4262 reliquis
1147 4197 1339 4240 annumerare
