2896 4834
223 350 314 430 26⁰0
500 395 505 408 ·
562 368 1003 428 naeuusus‘anrrroriuu
1039 373 1052 382 ”

224 520 347 582 modum
364 520 577 602 Disq.'Acad.
601 522 697 583 edidit
719 527 933 586 nto—maa.
956 541 997 582 ex
1020 522 1128 602 quibus
1153 530 1186 582 et
1210 519 1334 584 aliunde

222 617 399 678 emendatus
416 640 437 679 a
451 618 502 680 Jo.
516 620 629 680 Matth.
648 619 793 691 Gesnero,
809 618 962 698 Gottingae
974 625 1067 682 1735.
1087 618 1199 701 prodiit
1218 628 1333 691 texos,

225 735 295 778 oum
310 716 393 797 praef.
406 737 466 797 qua
479 726 613 798 receptas
631 737 685 777 suo
700 716 817 795 judicio
835 717 978 777 lectiones
998 724 1109 776 tuetur.
1152 715 1336 797 Supervenit
1436 715 1437 744 ³

222 812 296 872 dein
322 833 363 872 ex
382 813 509 874 Batavis
529 814 583 876 Jo.
603 814 801 888 Arntzenius,
819 815 873 895 qui
893 833 996 895 parem
1018 813 1335 892 (lertio-longolianae

225 909 377 970 industriae
390 912 421 970 in
440 933 510 993 epp.
524 913 667 972 adhibitae
685 933 799 984 curam,
823 933 872 973 an·
883 914 1027 992 majorem
1051 914 1155 984 etiam,
1176 913 1279 994 poerit
1303 912 1335 970 in

223 1005 418 1088 Panegyrico
431 1009 516 1071 Plin.
529 1029 558 1069 c.
571 1031 601 1069 ιι.
612 1009 703 1070 Varr.
718 1009 882 1070 Schwarzii
891 1030 1011 1092 quoque
1024 1019 1055 1072 et
1068 1011 1129 1070 stris
1146 1009 1337 1080 edomando,

223 1114 355 1166 ceterum
368 1105 497 1185 vulgatur
510 1107 647 1168 lectionis
659 1107 837 1186 recognitor,
851 1127 911 1168 non
924 1109 987 1168 eine
1010 1107 1219 1190 superstitione
1231 1103 1338 1187 aliqua

225 1203 387 1264 modestus.
426 1201 497 1264 Jam
509 1203 607 1264 denuo
620 1204 766 1264 recensuit
784 1202 934 1264 Gesnerns
946 1213 1062 1265 textum
1084 1206 1113 1264 in
1135 1203 1190 1264 illa
1210 1222 1337 1284 operum
1438 1240 1439 1254 ι

226 1300 436 1361 Plinianorum
446 1301 574 1362 editione
584 1308 675 1365 1739.
719 1301 845 1361 Interim
859 1300 1047 1364 Schwarzius
1059 1301 1229 1363 cunctando
1249 1304 1340 1362 auxit

221 1419 298 1480 opes
310 1419 389 1470 suas,
402 1408 564 1480 antequam
577 1399 800 1479 Panegyricum
819 1419 904 1459 suum
921 1409 1006 1460 tanto
1018 1409 1163 1481 apparatu
1175 1399 1284 1460 critico
1298 1421 1338 1459 ex

226 1513 295 1557 xn.
311 1496 411 1557 codd.
426 1497 503 1558 Mes.
522 1505 554 1558 et
566 1497 717 1578 plerisque
734 1496 805 1580 edd.
830 1506 891 1559 vet.
915 1505 946 1557 ct
966 1518 1026 1557 reo.
1047 1517 1168 1576 suaeque
1190 1496 1339 1556 doctrinae
1439 1534 1440 1560 ι

225 1593 375 1672 elegantia
387 1595 562 1654 instructum
577 1593 680 1654 ederet
692 1615 741 1656 au.
754 1601 846 1658 1746.
859 1604 1003 1674 quantum
1017 1594 1094 1654 nulli
1105 1593 1159 1654 alii
1172 1594 1338 1673 antiquita*
1439 1597 1440 1618 1

223 1691 266 1749 tis
279 1699 469 1750 monumento
481 1692 521 1750 ab
534 1691 697 1750 editoribus
720 1690 888 1750 adhibitum
902 1691 956 1750 vix
977 1692 1121 1752 invenias.
1164 1689 1241 1750 Inde
1255 1691 1340 1750 Ges-

224 1784 442 1847 nerus'iterum
464 1787 647 1867 Panegyrici
667 1797 783 1846 textum
806 1785 967 1865 Goettinges
993 1787 1182 1847 emendatum
1207 1787 1341 1848 reddidit

225 1891 318 1946 1749.
332 1893 441 1965 etpost
464 1885 530 1962 ejus
542 1893 668 1943 mortem
682 1883 870 1943 Gesneriana
884 1899 924 1944 ιι.
939 1905 1062 1965 operum
1075 1886 1166 1945 etiam
1179 1885 1209 1944 in
1233 1885 1341 1946 Pane·
1440 1933 1441 1936 ι

221 1982 330 2062 gyrico
339 1981 467 2062 proiecit
478 2002 551 2042 cura
564 1981 649 2042 Guil.
659 1982 743 2060 Aug.
758 1982 887 2052 Ernesti,
899 1981 981 2063 Lips.
995 1989 1087 2046 1770.
1101 1981 1193 2042 edita.

270 2078 489 2139 Recensionem
516 2079 773 2160 Panegyricorum
796 2088 864 2160 post
887 2079 1052 2140 cellarium
1086 2089 1118 2139 et
1144 2077 1338 2140 Pataroliunr

225 2195 327 2246 nemo,
340 2177 422 2258 quod
438 2175 477 2237 ad
499 2178 650 2237 universos
671 2177 790 2248 attinet,
810 2177 868 2236 hac
885 2185 974 2236 aetate
998 2178 1151 2237 instituere
1170 2195 1259 2237 ausus
1282 2185 1340 2236 est.
1441 2233 1442 2248 ,

225 2271 291 2334 Sed
304 2274 421 2354 aliquos
433 2275 592 2334 illustravit
605 2274 793 2334 Schwarzius
810 2274 1007 2352 singularibus
1027 2273 1148 2343 libellis,
1170 2274 1340 2337 utEume-

228 2372 311 2430 nium
324 2378 414 2434 1716.
427 2381 459 2432 et
472 2373 540 2432 Lat.
555 2372 707 2432 Pacatum
723 2371 908 2451 Drepanium
928 2377 1019 2434 1727.
1034 2379 1065 2430 et
1087 2369 1250 2430 Claudium
1267 2371 1340 2432 Ma-

229 2469 385 2528 mertinum
404 2475 615 2533 1746-1748.
638 2469 728 2530 Ο1ιιι.
743 2469 773 2528 in
786 2469 938 2529 Pacatum
952 2468 1080 2547 adjectae
1098 2470 1189 2529 etiam
1200 2469 1340 2548 leguntur

225 2567 265 2626 ιἰιΙ
280 2565 393 2626 Baunii
412 2567 532 2645 Paneg.
547 2565 693 2626 Veterum
716 2567 847 2627 editione
868 2587 973 2627 recusa
985 2566 1127 2626 Venetiis
1146 2571 1239 2630 1728.
1252 2575 1285 2627 et
1305 2569 1339 2630 J.
1442 2597 1443 2602 ι

228 2664 411 2740 Arntzenio,
422 2666 474 2746 qui
487 2665 638 2725 Pacatum
651 2686 681 2726 c.
695 2685 726 2726 n.
738 2663 830 2725 Varr.
844 2663 928 2724 dedit
940 2663 1214 2727 Amstelod.1'ltli.
1326 2679 1331 2693 ’

272 2769 352 2826 1735
372 2763 539 2843 Gottingae,
555 2769 585 2823 8.
608 2761 646 2823 (l.
659 2761 758 2822 Plinii
779 2761 864 2821 Gaee.
889 2759 1020 2821 Secundi
1040 2761 1261 2840 Panegyricus,
1275 2769 1340 2821 tum

229 2860 435 2932 aliunde,tum
444 2879 483 2921 ex
491 2860 747 2922 observationibus
755 2859 866 2919 Christ.
881 2857 978 2919 Gottl.
991 2857 1156 2918 Schwarrii
1164 2857 1342 2918 emendatus

230 2977 250 3018 a
270 2958 319 3018 Jo.
335 2959 449 3018 Matth.
464 2957 769 3020 Gesnero.·-Praeter
787 2957 993 3039 praefationem
1006 2955 1086 3016 solua
1100 2963 1259 3016 contextus
1273 2955 1340 3016 Pas

226 3057 363 3136 negyrici
377 3057 545 3120 exhibetur.

273 3159 353 3216 1737
374 3152 580 3232 Regiornonti,
594 3159 644 3213 12.
660 3153 806 3235 Epistola
820 3161 851 3213 et
864 3151 983 3230 Paneg.
994 3171 1022 3210 c.
1034 3169 1063 3209 ιι.
1080 3149 1253 3230 christoph.
1266 3149 1340 3211 cel·

230 3247 299 3309 larii
312 3258 343 3308 et
361 3249 411 3310 Jo.
427 3249 537 3309 Christ.
553 3249 689 3328 Herzog.
730 3249 878 3331 Repetite
891 3269 930 3308 ex
941 3248 989 3308 ed.
1002 3253 1094 3310 1711.

152 3352 160 3362 “
272 3379 314 3391 -
334 3345 501 3425 Gottingae,
515 3354 545 3408 8.
567 3347 785 3428 Panegyricus,
798 3367 867 3409 cum
881 3347 960 3407 obss.
975 3345 1013 3405 Ο.
1028 3344 1070 3406 G.
1082 3341 1257 3405 Schwarzii.

273 3449 354 3508 1733
374 3444 615 3516 Amstelaedami,
629 3451 660 3505 4.
682 3445 720 3505 Ο.
742 3445 840 3504 Plinii
864 3444 948 3504 Caec.
968 3440 1101 3502 Secundi
1121 3435 1343 3520 Panegyricus,

227 3563 301 3604 cum
311 3543 388 3603 notia
401 3543 521 3622 integris
534 3543 643 3605 Franc.
658 3541 678 3602 J
681 3544 768 3614 oreti,
781 3542 871 3602 Joan.
887 3541 1026 3611 Livineii,
1040 3539 1118 3598 Justi
1132 3538 1238 3618 Lipsii,
1252 3537 1342 3599 Petr.

233 3642 338 3713 Fabri,
353 3641 444 3702 Oonr.
459 3639 664 3712 Rittershusii,
678 3639 750 3699 Jani
764 3639 896 3711 Gruteri,
912 3638 1022 3698 Christ.
1047 3635 1149 3696 Gottl.
1164 3633 1343 3708 Schwarzii,

231 3748 264 3798 et
275 3741 394 3800 selectis
403 3739 539 3810 aliorum,
553 3747 675 3800 curante
695 3738 813 3799 Joanne
833 3736 1014 3805 Arntzenio,
1028 3735 1080 3814 qui
1093 3742 1125 3793 et
1137 3753 1205 3793 suas
1215 3741 1344 3793 annota-

232 3839 328 3899 tiones
340 3838 463 3919 adjeoit.
506 3837 638 3898 Accedit
650 3838 774 3898 Joannis
788 3837 911 3896 Messon
925 3833 1002 3894 Vita
1015 3833 1125 3895 Plinii.
1168 3832 1273 3892 Editio
1283 3842 1344 3892 ter·

233 3937 277 3996 tia
287 3935 538 3997 auctior.-Haec
550 3937 710 3996 Arntzenii
724 3935 817 3996 editio
829 3933 1054 3995 commendatur
1072 3932 1110 3990 ab
1131 3951 1186 3990 usu
1199 3941 1344 4013 excepto-

231 4053 298 4095 rum
326 4051 343 4092 e
369 4033 443 4092 Mas.
467 4034 552 4093 libris
574 4034 719 4114 pluribus,
742 4033 924 4113 conjecturis
946 4031 1074 4091 virorum
1100 4028 1267 4100 doctorum,
1295 4028 1344 4090 N.

161 4202 163 4208 ¹
234 4131 359 4194 Heinsii
372 4139 404 4191 et
414 4131 586 4200 Perizonii3
602 4133 753 4212 habetque
769 4140 855 4191 notas
864 4138 896 4188 et
910 4128 1035 4189 selectas
1047 4147 1085 4187 ex
1099 4125 1169 4188 edd.
1182 4127 1345 4207 superiori-

233 4231 301 4304 bus,
312 4239 346 4291 et
358 4249 427 4290 suas
440 4230 514 4290 bene
527 4229 644 4290 multas.
687 4229 781 4292 crisis
794 4237 838 4290 est
851 4227 997 4300 modesta,
1014 4235 1047 4288 et
1067 4225 1106 4286 ab
1120 4224 1248 4286 audacia
1260 4245 1343 4307 pror·
