2888 4844
398 363 437 410 ur
463 363 597 412 turtur
622 363 758 414 nucum
783 365 918 414 nunno.
1116 349 1205 416 etot

105 503 638 570 ntPocotnt‘itremrtetrrinm.’xxxt.§
676 520 733 556 ectu
755 507 846 570 eriere.
867 507 909 571 qni
933 507 1009 572 penio
1031 512 1093 558 eote
1115 507 1204 559 Rornre

106 587 129 632 l·
138 586 146 611 ‘
154 582 331 645 Rutupinnm'
343 585 408 634 dicit
419 600 477 634 conr
484 585 638 634 Britannum
676 584 787 645 gloriore
797 584 1043 646 triumphruucum
1053 599 1122 634 creto
1131 587 1206 635 Mu·

103 659 332 722 niguidonornit.
359 661 569 712 Maximueenitu
581 662 639 712 Bri·
675 661 727 710 imo
748 661 781 708 od
803 661 937 710 lenitatem
964 675 1022 710 ecee
1049 669 1206 714 revocaret.

105 737 222 786 tanniem
235 737 546 801 regenat,tnqruurt›eu
557 737 639 786 Rutu·
677 738 742 787 Cum
764 737 790 790 lu
812 738 956 800 Nicephori
976 739 1071 788 Graecr
1089 738 1206 790 liittorie

45 809 49 822 '
103 815 165 877 pice
183 829 268 878 prope
289 815 430 866 Londinom
451 814 540 871 sciere,
565 814 639 864 tertie
675 815 800 878 rcriptum
822 815 961 876 legeretur.
984 823 1042 877 poet
1060 816 1205 879 Eugenium

103 908 211 958 quoquc
229 899 267 942 ert
288 892 372 943 Arum.
387 893 508 943 Mrrcell.
528 891 572 944 lib.
590 905 640 942 xx.
676 891 773 940 rictum
791 891 927 948 eccidiree,
938 891 1007 957 qood
1021 891 1054 942 de
1065 893 1207 945 Theodorii

103 967 292 1020 ‘Latronem'
321 975 406 1025 vocet,
433 969 492 1032 quio
515 974 640 1032 tyrenuut
677 967 782 1030 publice
802 967 953 1030 poenitentia
971 976 1103 1032 norietur,
1120 971 1207 1022 Inter·

104 1047 390 1109 perduellieeret,non
402 1045 482 1096 irortir
499 1045 640 1108 legitimae.
677 1057 736 1107 pret
756 1044 864 1094 Latione
884 1060 930 1109 pro
951 1045 1061 1106 diogenio
1083 1047 1208 1110 ruppottit

103 1122 151 1172 Sic
170 1122 250 1185 poulo
271 1130 333 1172 ente
356 1121 423 1172 dixit
443 1137 501 1172 enm
521 1122 640 1172 attollere
677 1120 821 1170 Moenum.
870 1121 960 1172 Lindo
990 1123 1208 1174 emendationem.

104 1198 367 1248 uexillumletrooinii
375 1199 459 1248 civilio
467 1200 640 1264 potine,qrrnrn
678 1195 744 1244 Nem
757 1202 785 1245 et
800 1197 876 1260 penio
892 1206 952 1261 poet
969 1198 1026 1262 ipre
1044 1199 1207 1263 Nicephorum

103 1275 180 1324 belli.
212 1275 256 1324 Sic
266 1282 295 1324 et
307 1275 431 1324 Nucerino
443 1277 467 1324 iu
479 1276 641 1340 Penepyrico
677 1271 984 1336 significetTlreodoeinnr
992 1273 1208 1341 Constantinopo·

106 1350 140 1400 od
154 1349 352 1400 Cunctantinum
369 1359 442 1400 vocet
459 1351 641 1404 ‘latrocinium
677 1349 720 1398 lim
740 1364 871 1400 reventum
890 1363 956 1400 eree.
990 1351 1097 1401 Courtrt
1120 1360 1207 1404 eutem

104 1423 205 1478 civile-¹
240 1427 275 1476 Et
300 1427 483 1478 ‘lotrocininm
510 1428 640 1478 Bttcvicae
678 1425 821 1474 Mediolani
841 1435 967 1476 orortunnr
990 1443 1056 1490 enee,
1078 1438 1136 1492 port
1154 1431 1208 1480 Eo·
1256 1442 1257 1448 ¹

105 1501 278 1556 rebellionie’
295 1511 370 1554 rooet
385 1504 535 1554 Eumenius.
569 1506 602 1554 Et
615 1505 641 1554 in
678 1504 781 1566 genium
798 1499 955 1552 debeiittom
971 1518 1055 1567 neque
1068 1514 1130 1555 tuno
1142 1505 1208 1554 Con·

105 1581 194 1628 eltero
221 1577 337 1642 ejrndem
364 1581 488 1642 temporie
515 1581 547 1630 td
572 1581 641 1643 Imp.
678 1580 873 1642 ettotioopolim
895 1594 953 1628 erre
976 1593 1117 1629 retortum.
1153 1581 1210 1630 Ito·

105 1656 325 1706 Mtrirnioinnnor
337 1656 513 1720 Panegyrico,
522 1657 566 1721 qui
578 1657 642 1707 inci·
679 1671 730 1721 qne
755 1657 832 1706 etium
862 1657 982 1720 repudio,
1003 1657 1071 1722 qnod
1093 1657 1208 1707 zonam

106 1732 160 1795 pit,
179 1731 227 1780 ‘Si
245 1731 307 1780 milri
324 1730 431 1788 Creon?
450 1734 559 1796 legimus
579 1738 642 1794 fno·
679 1731 784 1782 confore
801 1733 848 1792 eit,
865 1737 924 1796 port
941 1732 1035 1782 bellurn
1054 1741 1144 1782 contre
1156 1733 1208 1782 En·

106 1807 203 1858 larium
216 1815 245 1856 et
257 1807 460 1870 indignitrimnrn
477 1809 641 1860 latrocinium
679 1809 796 1872 genium,
821 1809 968 1859 inchoatum
1001 1809 1110 1858 necdum
1147 1823 1208 1859 con·

107 1882 192 1934 betti!
227 1884 347 1949 Denique
365 1886 391 1934 in
409 1886 429 1934 1.
445 1885 494 1936 ult.
507 1885 537 1936 C.
550 1885 642 1934 Tinde
679 1883 898 1947 fecrumoaedem
910 1885 1161 1936 Thessalonicensem
1181 1894 1209 1936 ot

107 1961 169 2010 bon·
191 1961 329 2024 proteript.
352 1963 487 2014 roontnr‘
510 1963 576 2012 letto
597 1977 641 2012 rre-
680 1963 859 2025 peonitentiam
887 1962 1108 2012 Medioloneurem
1139 1963 1209 2012 acci·

107 2036 210 2100 ierint}
229 2037 273 2100 qui
291 2038 431 2101 perduellio
442 2047 492 2088 eet.
526 2040 570 2090 Sic
580 2039 642 2092 JCti
679 2037 757 2088 diere.
777 2037 856 2102 utqui
868 2038 962 2088 bellum
975 2039 1134 2088 illudetetim
1147 2053 1208 2088 oon·
1228 2025 1231 2038 ’

107 2114 312 2177 responderunt,
323 2113 412 2164 ltortee
427 2130 492 2179 erre,
510 2118 553 2180 qni
570 2116 643 2166 nobie
679 2113 787 2177 tectum,
802 2129 886 2178 neque
904 2115 956 2164 ullo
974 2117 1111 2166 intervallo
1128 2117 1209 2166 inter-

108 2199 157 2240 out
179 2189 273 2254 qnilrnt
294 2203 340 2238 nor
365 2191 460 2242 beilum
488 2193 641 2244 indiximus:
680 2200 783 2254 ruptum
802 2191 859 2242 fnit.
894 2191 1015 2241 Rufinum
1038 2207 1101 2256 ergo
1122 2193 1209 2255 portur

108 2276 223 2318 caeterot
239 2281 297 2316 ente
313 2266 464 2330 ‘lntroner,'
480 2277 559 2332 etque
578 2285 641 2331 prte-
679 2283 781 2334 sequor,
803 2267 845 2316 cui
866 2276 894 2318 et
916 2266 1079 2318 Ambrosium
1106 2269 1209 2331 adjicio.

109 2343 203 2398 doner,
224 2342 268 2406 qni
285 2342 329 2405 jue
350 2342 411 2392 belli
432 2358 483 2392 oon
504 2345 608 2394 nabent.
627 2346 644 2396 l.
680 2346 767 2408 quiin
788 2345 872 2408 Epiri.
891 2355 973 2396 xxix.
985 2345 1017 2394 ed
1029 2343 1211 2408 Theodoriurn,

110 2423 172 2470 tto.
191 2420 226 2468 de
245 2419 278 2470 V·
297 2421 326 2470 S.
347 2421 365 2472 l.
383 2425 425 2472 tt.
446 2423 478 2470 de
500 2425 597 2485 ceptio.
616 2431 644 2474 et
680 2419 786 2484 loquens
798 2420 1132 2482 deejrrepoeuiteutiez‘ln
1145 2435 1210 2484 pne·

109 2499 228 2562 poetlim.
240 2511 336 2548 rerert.
372 2497 497 2562 Vopiscus
514 2500 540 2548 io
558 2500 644 2552 Firmo
681 2495 740 2557 liie‚’
751 2497 844 2561 inquit.
856 2495 1017 2548 'felicissime
1028 2496 1124 2561 egisti?
1141 2498 1210 2547 Nun

110 2576 215 2638 rcribit‚
233 2589 337 2638 megum
353 2575 491 2640 principer,
510 2577 553 2640 qui
569 2593 645 2628 ηοω.
682 2573 761 2634 istud,
774 2574 814 2622 ·io
827 2572 1109 2638 proliin,'interpretor
1119 2581 1211 2624 contre

111 2661 207 2702 terunt
219 2652 373 2702 incedentet
391 2668 528 2718 purpureo,
545 2667 589 2703 eor
600 2669 646 2720 tp·
683 2653 792 2709 Gothos.
804 2661 832 2703 et
843 2654 937 2702 deiude
955 2663 1047 2703 contre
1057 2654 1210 2704 Maximum.

42 2759 48 2772 ·
111 2729 225 2792 pellente
238 2729 350 2780 letronet
367 2731 452 2793 potine
470 2745 545 2794 quem
559 2739 645 2794 tyren·
716 2730 767 2778 Ubi
786 2730 900 2779 Proetus
917 2731 962 2792 cit,
977 2744 1039 2780 xcv.
1051 2732 1064 2794 ς
1075 2735 1101 2780 6.
1115 2731 1210 2780 nulline

111 2820 170 2856 not·
683 2807 842 2870 preteritum
859 2806 1013 2871 dignitatern
1030 2806 1111 2858 fuiere
1128 2807 1211 2858 immi·

145 2881 283 2932 Pretereo
301 2881 393 2945 molto,
409 2897 466 2946 qnae
486 2883 512 2932 io
530 2882 645 2948 deterip·
683 2891 783 2946 utitem,
800 2884 863 2934 dicit
878 2884 1034 2948 praeteritam.
1051 2900 1109 2949 qure
1127 2899 1178 2934 non
1196 2899 1212 2934 tt

113 2959 186 3016 tione
197 2958 281 3022 proelii
291 2959 532 3012 controeritnurn
543 2963 647 3025 tnmp'te
684 2961 812 3020 Maximo.
823 2961 869 3012 red
880 2969 941 3010 ente
959 2961 1101 3012 Maximum
1116 2976 1131 3010 e
1143 2961 1211 3012 Gre-

113 3049 171 3086 eue
183 3050 200 3084 e
212 3035 311 3086 Proeto
322 3049 354 3086 ex
367 3037 471 3086 Neratii
483 3039 646 3104 Panegyrico
684 3037 753 3086 tirno
770 3045 815 3088 eut
833 3037 1013 3086 Valentiniano
1031 3047 1105 3102 petre
1116 3038 1213 3086 colluto

113 3113 146 3164 td
158 3112 359 3162 Gonrtantinnnr
375 3113 408 3162 de
424 3114 499 3164 victo‘
510 3116 646 3168 Maxentio
684 3111 781 3164 fuerat.
805 3113 871 3164 Nem
883 3128 958 3178 quern
971 3114 1119 3163 contulerat
1128 3113 1212 3164 Meti·

113 3190 196 3242 rernct
208 3188 373 3245 admonuitre
384 3188 418 3238 nit
427 3190 500 3240 retii.
685 3205 751 3252 mue,
768 3199 871 3242 constet
884 3191 1043 3240 imminutum
1059 3198 1087 3240 et
1103 3191 1212 3254 citrope-

146 3265 200 3316 Sed
220 3265 264 3314 ubi
281 3265 393 3316 Peoetnr
409 3281 432 3316 c.
450 3280 534 3316 xxxi.
552 3267 646 3320 deinde
686 3275 738 3316 tern
761 3265 850 3329 fuitne,
868 3281 926 3318 cunr
944 3279 972 3316 et
987 3266 1084 3332 relique
1103 3267 1231 3318 Maximi

113 3343 206 3394 tendor
226 3342 388 3392 elementiam
407 3343 512 3394 victorie
529 3345 646 3396 Theodo·
685 3353 745 3392 octe
757 3343 867 3394 recolere
884 3345 946 3406 rint,
964 3344 1039 3394 tieuti
1056 3344 1213 3408 reliquorum

114 3421 157 3484 rii,
168 3419 273 3470 temetsi
285 3434 339 3472 nott
354 3427 480 3483 repetem,
493 3422 559 3486 qnod
571 3421 648 3474 dcet
684 3427 860 3484 tyrannorum.
893 3421 969 3472 Quod
995 3419 1070 3470 focile
1092 3419 1214 3484 intelligi·

114 3504 246 3561 prtteree
262 3495 318 3544 dixi
329 3494 355 3544 in
367 3495 493 3546 relttiooe
505 3497 539 3546 od
551 3499 647 3562 princi·
686 3503 729 3546 tur
748 3511 780 3548 ex
798 3496 862 3547 Cod.
879 3494 977 3546 Theod.
994 3497 1026 3546 de
1043 3496 1156 3548 tercind.
1173 3498 1213 3546 irie

117 3587 190 3636 pern,
213 3578 302 3621 temen
326 3571 406 3634 juvet
429 3582 573 3636 cunctarer
596 3589 648 3640 qno
685 3588 743 3637 quc
760 3573 810 3624 rub
828 3581 930 3636 tyrann.
944 3581 1018 3634 geete
1034 3583 1110 3622 enntr
1129 3573 1174 3622 ubi
1185 3581 1214 3622 et

115 3657 257 3718 ennopott
268 3649 365 3698 rictum
376 3649 520 3700 Maximum
531 3651 647 3702 Theodo·
686 3651 832 3700 recitentur
848 3651 967 3715 quedem
983 3651 1122 3702 Thoodoeii
1133 3651 1214 3716 leger,
1292 3711 1295 3720 γ

115 3727 169 3776 tint
188 3727 347 3787 clementie,
365 3741 440 3791 quern
461 3727 503 3780 luc
523 3728 648 3791 predicet
685 3741 743 3790 qno
765 3727 815 3774 huc
837 3726 939 3776 omnino
964 3727 1104 3789 pertinent.
1139 3727 1215 3777 Prior

115 3801 243 3858 Pacatus,
251 3801 395 3864 exemplum
405 3801 557 3856 admirabile
567 3803 648 3860 dedit,
687 3809 727 3852 ort
744 3803 776 3850 ed
798 3800 941 3852 Trifolliurn
963 3804 992 3854 P.
1009 3804 1042 3861 Ρ,
1054 3804 1092 3853 itit
1112 3804 1213 3855 rerbiet

117 3875 210 3928 eodem
229 3879 307 3940 poulo
325 3885 383 3941 port
401 3892 477 3942 enno,
496 3893 553 3928 curu
568 3879 648 3928 horri-
687 3879 799 3930 ‘Nullus
814 3879 864 3930 eibi
881 3879 1003 3930 lrncorem
1020 3879 1115 3930 errdont
1133 3881 1215 3930 vindi·

117 3951 177 4002 bilin
186 3953 297 4002 trevitirn
310 3952 336 4002 in
354 3955 476 4016 populum
486 3955 648 4006 Thessaloni·
687 3971 756 4018 cere,
766 3971 841 4019 qoem
852 3957 988 4021 tyrannica
996 3957 1127 4007 concernit
1136 3957 1215 4008 tnde-

117 4043 230 4088 centem,
244 4029 373 4094 precipiti
384 4031 493 4095 quedam
508 4031 649 4088 iracundie,
687 4037 739 4097 oin,
750 4035 795 4084 ted
807 4034 839 4084 ad
852 4035 988 4098 pristinum
1000 4043 1097 4084 rttturo
1109 4035 1212 4086 demna·

119 4108 266 4170 exemplum
278 4106 414 4171 edidittet‚
428 4109 579 4170 cortipetunt
592 4123 649 4158 erte
687 4112 1115 4174 tepraeetrntptiurevocetur-Det.
1125 4110 1215 4176 Aquii.

119 4184 152 4232 ab
165 4183 303 4234 Ambrosio
314 4191 342 4232 et
356 4185 381 4232 in
399 4185 510 4236 ecclesia
522 4185 647 4236 Mediole·
688 4201 718 4236 x.
734 4188 794 4238 Kel.
810 4189 908 4238 Octob.
924 4189 1068 4240 Theodosio
1087 4188 1120 4236 Α.
1139 4202 1170 4238 11.
1185 4197 1214 4236 et

120 4260 193 4310 nenei
211 4260 389 4324 poenitentium
409 4269 548 4326 propterea
566 4262 649 4326 publi·
689 4263 804 4328 cynegio
818 4263 897 4316 Coeo!
931 4265 982 4316 iiio
994 4279 1042 4328 ego
1054 4263 1171 4324 observo,
1182 4276 1214 4310 eo
