2896 4834
231 387 320 456 8488
562 403 758 456 recussus
783 403 999 458 norrrouuu
1056 417 1059 426 ·

234 547 424 628 Nurnbergrn
437 567 489 629 per
503 545 678 640 Pedericnm
692 547 827 628 Peypus.
858 548 951 612 Anno
964 548 1087 629 virginei
1100 558 1199 632 perun
1214 563 1331 614 sintne

233 667 332 709 mense
352 644 605 708 Juuio.·-Fditcr
626 645 734 708 dicitur
756 645 890 708 lacobus
908 647 1042 708 loclrner
1063 647 1268 718 Philemonis,
1281 650 1332 729 qni

234 753 306 805 tnnc
331 746 421 818 vixit,
439 746 685 824 juventutemque
704 743 868 806 studiosam
889 743 993 808 docuit
1015 743 1205 824 Ingolntadii.
1246 747 1280 808 Is
1302 749 1333 810 in

233 841 351 902 edendo
364 841 461 904 Plinii
474 841 663 921 Panegyrico
682 839 798 902 videtur
816 842 998 922 potissimum
1011 863 1081 904 usne
1094 863 1157 908 esse
1170 843 1334 908 Puteolani

233 947 266 1000 et
279 937 424 1002 Berosldi
447 938 646 1007 editionibus;
668 939 698 998 in
720 939 850 1018 margine
868 939 1030 1004 identidem
1049 949 1194 1021 provocat
1212 941 1254 1004 sd
1272 942 1337 1004 ulis

234 1037 371 1117 quaedam
384 1035 585 1116 exemplariar
607 1055 753 1115 nusquam
764 1046 864 1098 temen
875 1037 983 1100 cnon
1001 1039 1179 1102 mentionem
1190 1038 1265 1102 iuoit
1278 1041 1335 1102 ali·

234 1135 322 1213 cnjus
332 1133 447 1194 codicis
460 1131 521 1194 Mn.
548 1131 774 1194 Aunotamenta
783 1142 881 1194 autem
894 1133 960 1206 illa,
968 1155 1036 1215 quse
1045 1144 1189 1198 memorat
1196 1135 1226 1198 in
1233 1139 1336 1210 mulo,

131 1288 134 1302 ,
234 1249 294 1290 non
306 1241 375 1292 snut
386 1231 443 1291 nisi
456 1231 622 1292 mistiones
633 1229 773 1310 quaedam
780 1230 941 1310 figurarum
954 1232 1175 1305 rlretodcarun,
1187 1241 1218 1298 et
1229 1231 1337 1292 lectio-

235 1347 305 1388 num
320 1329 509 1401 variantium,
522 1328 647 1406 margini
661 1329 798 1408 adjecta.

276 1433 357 1486 1881
380 1425 522 1497 Basileae‚
536 1432 565 1485 8.
588 1424 684 1484 Plinii
699 1424 779 1506 Epp.
795 1445 863 1486 cum
878 1426 995 1506 Paneg.
1008 1436 1080 1490 cett.
1093 1436 1128 1488 ut
1141 1427 1171 1488 in
1184 1425 1316 1488 Aldina.

276 1529 357 1584 1888
378 1523 524 1593 Basilo,
535 1530 565 1583 8.
586 1521 684 1582 Plinii
708 1520 841 1584 Secundi
864 1522 1067 1603 Epistolarum
1082 1523 1150 1584 libri
1171 1539 1206 1584 x.
1232 1522 1337 1584 Pane-

236 1623 355 1701 gyricus
366 1620 498 1700 Traiano
511 1619 649 1700 Principi
658 1618 768 1680 dictus.
782 1621 868 1697 (item
875 1629 985 1691 cetera,
994 1640 1062 1700 qua
1074 1621 1105 1682 in
1113 1619 1197 1699 ‘Aldi
1205 1619 1340 1682 editione

235 1720 406 1796 labanum.)
448 1719 498 1778 Ex
510 1717 625 1798 inclyta
639 1715 810 1778 Germaniae
828 1717 961 1789 Basileia,
976 1739 1028 1798 par
1037 1718 1192 1782 Andream
1207 1717 1339 1782 Cratan-

235 1815 334 1886 drnm,
348 1835 447 1875 mensa
462 1815 679 1885 Mantineam
694 1829 852 1874 mnxxvr.
894 1813 933 1874 In
951 1814 1125 1895 praefatione
1142 1814 1181 1876 ad
1197 1815 1341 1878 lectorem
1388 1843 1391 1849 ·

205 1925 207 1930 ·
236 1913 303 1972 lunc
316 1912 438 1993 quidem
450 1911 554 1971 scribit
567 1909 750 1972 Gmtander:
772 1921 780 1948 ⁶
793 1909 832 1970 ad
843 1911 1018 1972 comendsm
1030 1912 1170 1991 linguam,
1190 1912 1341 1974 Romani·

235 2027 296 2090 qne
309 2009 451 2070 sermonis
466 2009 627 2090 puritatem
647 2007 824 2089 parandam,
844 2008 949 2070 damus
971 2029 1031 2070 uon
1052 2011 1159 2083 minus,
1181 2020 1216 2072 ut
1239 2031 1342 2091 spero,
1387 2059 1389 2065 .

233 2107 374 2168 utilitatis
386 2105 555 2167 adlaturum
568 2105 755 2188 opusculum,
774 2125 879 2186 nempe
898 2106 1050 2187 Epistolns
1072 2107 1171 2168 Plinii
1194 2107 1342 2182 Secundi,
1444 2109 1445 2160 l

236 2205 269 2266 in
282 2205 340 2266 hon
352 2204 454 2284 scripti
466 2223 572 2284 genere
580 2204 665 2284 quasi
676 2202 794 2274 Roscii,
804 2223 939 2264 unacum
947 2203 1122 2285 politissimo
1135 2205 1343 2287 Panegyrico,
1444 2209 1445 2262 ζ

236 2301 368 2381 'l'rnjano
382 2299 561 2382 Imperatori
576 2301 669 2373 dicto,
682 2309 715 2361 et
726 2299 830 2371 libello
842 2301 881 2361 de
894 2300 978 2361 Viris
988 2301 1170 2375 illustribus,
1184 2303 1225 2364 od
1237 2325 1344 2366 exem-

236 2398 305 2479 plar
316 2397 464 2458 Aldinum
477 2419 566 2479 quam
577 2397 763 2469 fidelissime,
776 2417 895 2479 quaque
914 2398 1000 2460 licuit
1016 2399 1184 2480 diligentia,
1200 2403 1344 2464 emenda·

236 2505 296 2567 tas,
309 2494 457 2576 plerisque
474 2497 565 2556 etiam
578 2496 609 2556 iu
627 2495 701 2556 locis
714 2481 840 2556 aliorum
853 2495 1013 2558 colistione
1025 2498 1240 2579 exemplarium
1251 2501 1344 2561 cesti·

236 2593 390 2672 genom’
406 2592 548 2654 &c-In
561 2593 753 2673 Panegyrico
766 2602 866 2654 tannen
879 2593 1058 2655 mcensendo
1066 2615 1125 2654 son
1137 2596 1193 2656 nisi
1205 2597 1236 2656 in
1249 2599 1348 2659 tribum

236 2693 357 2751 nimiter
370 2691 444 2752 locis
455 2691 496 2751 ab
509 2690 587 2752 Aldi
598 2691 768 2752 recensione
778 2690 903 2761 recedit,
916 2700 991 2754 teste
1005 2691 1186 2754 Schwarnio.

239 2829 243 2838 -
279 2795 361 2849 1529
374 2789 514 2859 Parisiis,
523 2795 554 2849 8.
569 2787 610 2848 O.
621 2787 720 2848 Plinii
732 2787 864 2847 Secundi
877 2787 1346 2872 Epistolarumlibrix.ejnndem

240 2885 460 2968 Panegyricus,
480 2893 513 2946 et
531 2884 570 2946 de
583 2883 668 2945 Viris
690 2883 871 2955 Illustribus,
888 2889 946 2946 dec.
988 2885 1171 2949 Excudebnl
1189 2885 1347 2950 Robertun

236 2981 411 3065 Stephanus
422 2999 672 3046 annomnxxrx.
688 2982 765 3064 prid.
774 2981 928 3044 Celsen.
1276 3011 1279 3022 Α

237 3117 239 3126 ·
280 3088 361 3146 1580
382 3081 477 3140 Basil.
499 3089 530 3144 8.
552 3080 649 3140 Plinii
664 3081 744 3162 Epp.
757 3089 790 3140 et
802 3080 921 3159 Paneg.
941 3100 961 3140 e
977 3079 1028 3141 lo.
1044 3079 1200 3142 Siolrardo.
1240 3081 1277 3140 N
1278 3083 1347 3142 nbis

128 3219 132 3227 -
237 3179 374 3238 indicata
387 3199 407 3238 a
419 3178 484 3240 viro
496 3177 645 3238 illustriss.
655 3177 706 3238 Jo.
722 3177 927 3256 Heideggero,
944 3178 1019 3258 reip.
1031 3175 1202 3238 Turiceneis
1210 3179 1345 3249 tribuno,
1443 3195 1444 3226 r

238 3277 324 3334 atrei
338 3276 475 3336 literariae
484 3284 582 3335 tutore
595 3275 682 3336 nobis
693 3275 978 3338 benevolentissime.

282 3381 361 3433 1531
384 3372 533 3452 Lugduni,
554 3379 585 3434 8.
608 3372 647 3434 0.
663 3372 761 3434 Plinii
780 3373 984 3455 Epistolarum
998 3371 1067 3456 libri
1080 3389 1116 3432 x.
1127 3381 1159 3434 et
1174 3371 1346 3454 Panegyri-

239 3491 304 3542 cus,
331 3471 463 3551 Trojano
492 3470 602 3542 dictus,
631 3475 689 3530 &c
746 3469 941 3532 Sebastianus
977 3453 1131 3550 Gryphius
1156 3469 1280 3530 excudit
1316 3493 1346 3534 n.

239 3567 578 3631 ninum-Eosdem
594 3567 722 3627 ‘libellos
745 3587 820 3648 qnos
846 3567 955 3628 Aldus
972 3569 1179 3647 conjunxerat,
1207 3567 1347 3648 Aldiqua

237 3667 447 3747 spraelationam
461 3665 746 3738 ettentum,inlnac
759 3664 888 3725 editione
901 3663 1202 3744 sxlribetGryphiua.
1241 3695 1246 3710 ·
1338 3701 1341 3708 ι

282 3769 367 3824 '15³2-
384 3764 575 3846 Antrerpioe,
596 3771 627 3823 8.
643 3761 681 3822 C.
693 3762 791 3822 Plinii
801 3760 932 3823 Secundi
944 3760 1192 3834 Novocomensis,
1201 3760 1258 3824 uiri
1273 3781 1347 3822 eom

240 3861 347 3921 eulasia
356 3862 540 3941 oratorisque
553 3860 746 3932 disertissimi,
762 3857 965 3940 Epistolerum
983 3858 1050 3918 libri
1074 3876 1110 3918 x.
1132 3858 1172 3918 ad
1189 3859 1348 3940 exemplet

122 3987 128 4004 =
240 3956 305 4020 Mn.
316 3957 634 4039 RodolphiAgricolae
648 3957 872 4036 diligentissima
882 3957 1036 4037 recogniti.
1054 3955 1346 4036 Panegyricusl'ra·

236 4057 313 4134 jano
326 4055 439 4115 Oaeseri
453 4055 560 4116 dictus}
604 4053 974 4116 Etisodretnstissimnm
987 4053 1143 4135 exemplar
1159 4054 1348 4116 emenfflus
1442 4103 1443 4136 3

244 4155 403 4216 lle-Viris
427 4153 598 4218 Illustribns
622 4155 665 4216 rei
688 4155 825 4218 militaris
849 4164 882 4214 et
907 4152 1148 4214 administrandus
1161 4152 1347 4234 reipublicae.
1442 4157 1443 4215 l

244 4255 445 4316 Accesserant
472 4262 643 4334 argumento
668 4274 726 4317 non
762 4252 920 4318 admodum
956 4251 1153 4314 abhorrentia.
1209 4248 1347 4311 Suetonii
