2896 4834
413 348 744 400 rsuucrsrconuu
770 351 967 403 urrunnu.
1155 336 1243 412 2491

144 495 267 558 ,1602
280 487 488 578 francofurti,
500 499 551 556 12.
584 512 651 556 xrr.
664 495 845 576 Penfflyrici
867 495 1005 568 Veteres,
1028 496 1069 558 ed
1089 498 1242 578 antiquam

140 607 207 666 qua
227 590 396 661 editionem,
418 611 480 672 qua
502 592 687 674 scripturam,
715 592 837 654 infinitis
864 593 939 654 locis
958 593 1118 666 emendati,
1142 595 1243 657 auch:

141 704 238 766 nuper
249 687 373 768 quidem
390 709 447 769 ope
464 688 697 760 Joh.1.irineii;
718 711 796 752 nunc
810 711 881 752 vero
896 711 988 772 opera
1007 690 1079 752 Jani
1101 689 1244 754 Gruteri:

141 791 251 864 prester
261 806 385 866 quorum
398 795 486 846 notas
497 787 645 848 accedunt
655 789 744 848 etiam
757 791 939 868 conjectura
953 788 1094 850 Valentis
1106 789 1244 852 Acidalii

140 889 176 957 et
188 880 320 948 conradi
332 882 535 950 Rittershusii.
577 884 839 946 francor-Hae
852 885 945 947 editio
963 885 1087 946 debetur
1101 885 1244 960 Grutero‚

141 977 196 1056 qui
218 999 284 1040 eam
303 979 454 1042 dedica'vit
469 981 522 1042 Jo.
545 981 714 1062 christoph.
730 981 816 1042 Grun
830 983 860 1042 in
870 983 1054 1062 Weirsberg,
1070 981 1136 1044 Ser.
1154 984 1245 1046 Elec·

140 1076 217 1136 toris
225 1075 361 1140 Palatini
383 1077 422 1138 ad
446 1078 589 1140 Rhenum
610 1079 807 1140 cancellario:
828 1080 860 1140 in
885 1099 1033 1160 quarere
1055 1079 1244 1144 dedicatione

129 1177 207 1240 'non
223 1173 345 1247 indicet,
365 1184 470 1257 prater
483 1175 547 1246 illc,
570 1198 640 1257 quse
663 1177 694 1236 in
714 1175 801 1236 titulo
817 1179 991 1250 nominavit,
1013 1169 1155 1250 subsidia,
1177 1181 1244 1260 qui-

140 1270 198 1330 bus
211 1274 339 1336 usussit.
380 1273 430 1334 At
451 1275 482 1334 in
504 1276 594 1345 notis,
606 1274 770 1355 etquidem
787 1275 888 1358 statim
908 1275 949 1336 ed
961 1295 1030 1358 cap.
1043 1283 1072 1338 1.
1087 1285 1118 1336 et
1134 1276 1243 1340 deinde

138 1365 311 1448 aliquoties,
321 1369 426 1432 laudat
437 1371 581 1452 quasdam
593 1371 701 1434 Jacobi
721 1372 879 1449 Bougersii
894 1373 1100 1434 annotationes
1120 1383 1151 1434 et
1170 1395 1241 1436 cou-

133 1465 282 1544 jecturas.
320 1466 391 1534 Nec
413 1469 529 1530 videtur
548 1468 705 1530 destitutus
726 1468 816 1528 furino
829 1468 983 1530 codicibus
1004 1489 1093 1531 manu
1115 1472 1243 1552 scriptis,

138 1581 211 1622 curn
222 1561 262 1622 ad
274 1584 342 1644 cap.
356 1571 408 1624 44.
422 1575 454 1626 et
465 1573 516 1626 69.
538 1565 577 1626 ed
594 1565 670 1626 tales
683 1574 833 1646 provocet.
876 1565 977 1632 Quam
1003 1575 1103 1626 autern
1128 1577 1243 1642 curate,

136 1677 231 1740 quarn
243 1661 379 1749 religiose
392 1662 539 1724 Gruterus
551 1671 683 1724 versatus
702 1661 838 1722 fueritin
850 1661 972 1722 edendis
984 1662 1175 1742 scriptoribus
1188 1683 1244 1724 an·

137 1757 242 1837 tiquis,
265 1759 328 1840 ipss
348 1759 484 1822 declarat
509 1761 538 1820 in
561 1762 638 1822 notis
661 1760 700 1822 sd
721 1781 788 1842 cap.
810 1767 841 1820 2.
863 1760 980 1838 Paneg.
995 1759 1103 1823 Plinii.
1145 1760 1242 1822 ‘Nou

136 1873 229 1918 ausus
240 1857 327 1928 euml
340 1858 448 1938 inquit,
468 1860 617 1940 ‘recipere
630 1859 661 1918 in
678 1866 863 1928 contextum,
885 1856 966 1938 quod
988 1858 1115 1918 manarit
1132 1878 1151 1920 a
1170 1879 1242 1920 con-

131 1952 267 2030 iecbrrq
291 1955 427 2036 quemvis
452 1957 631 2018 certissima:
671 1975 710 2016 ea
734 1956 814 2014 eninr
838 1975 1049 2036 usquequaque
1080 1958 1243 2020 reverentia

135 2052 309 2116 auctoribus
317 2051 459 2127 classicis,
473 2065 508 2114 ut
519 2051 596 2112 nihil
604 2052 821 2112 mutemussine
831 2052 949 2110 testium
961 2052 1136 2112 auctoritate
1149 2063 1242 2128 certa,

134 2144 197 2210 hoc
210 2156 272 2219 est.
279 2147 421 2210 librorum
433 2149 642 2229 antiquorum?

134 2303 140 2314 ,
179 2250 261 2307 1608
283 2245 420 2318 Parisiis,
432 2255 462 2308 8.
484 2247 523 2308 O.
536 2245 635 2307 Plinii
649 2245 806 2326 Epistoloe.
846 2243 990 2325 Adjectae
1005 2251 1084 2304 nota
1097 2253 1128 2304 et
1139 2265 1242 2306 emen-

135 2338 286 2414 dationes,
305 2343 366 2406 hac
379 2343 470 2406 tertia
489 2342 624 2404 editione·
643 2341 732 2404 lacta
759 2341 974 2424 locupletiores,
995 2350 1115 2402 auctore
1129 2341 1242 2407 Claud.

132 2436 336 2508 trimestre
356 2489 360 2499 .
374 2439 461 2504 Huic
472 2440 601 2504 editioni
617 2461 768 2522 accessere
788 2441 822 2500 in
839 2439 968 2500 cundem
982 2439 1122 2500 Plinium.
1138 2439 1241 2501 Isaaci

128 2533 314 2598 :Casauhoni
334 2544 422 2600 ncta.
475 2537 662 2618 Adjungitur
688 2537 821 2617 ejusdem
842 2537 1058 2618 Panegyricus.
1100 2537 1241 2608 Parisiis,

131 2632 218 2716 apud
245 2633 388 2702 Marcum
406 2635 747 2718 Orry.-Penegyricus
768 2635 858 2694 etiam
884 2635 914 2692 in
942 2634 999 2694 hac
1023 2634 1154 2694 editione
1177 2635 1240 2694 sine

136 2730 216 2790 notis
226 2739 259 2792 et
269 2733 489 2794 commentariis
501 2741 557 2804 est,
570 2753 667 2813 neque
680 2731 736 2792 nisi
746 2738 918 2806 contextura
930 2731 1074 2792 orationis
1087 2731 1125 2790 ab
1139 2730 1238 2792 Henr.

138 2824 298 2910 Stephano
315 2847 497 2910 exprcoeum,
517 2829 724 2908 variantesque
745 2828 888 2890 lectiones
914 2829 955 2904 inu
970 2829 1113 2906 margine,
1139 2828 1240 2889 refert.

128 2921 287 2998 ‘Clarrdius
300 2913 400 2988 Minos
409 2926 487 2986 diern
500 2925 615 2986 obierat
628 2946 675 2986 an.
690 2931 780 2986 160³.

177 3055 222 3068 -
239 3020 413 3102 Amhergae,
425 3031 455 3084 8.
477 3022 618 3103 Optimus
631 3022 777 3103 Princeps
793 3020 952 3101 Trajanus,
965 3021 1086 3083 accur.
1107 3021 1237 3082 Ritters·

129 3117 224 3190 ‚husie
236 3120 266 3180 in
280 3119 378 3202 lucem
391 3119 563 3201 productus.
579 3119 629 3182 Of.
645 3119 703 3180 Th.
714 3119 824 3198 ,Creoii
833 3118 999 3182 Animadv.
1014 3118 1058 3180 P.
1073 3135 1137 3179 vn.
1146 3140 1176 3200 p.
1185 3125 1238 3180 25.

129 3263 136 3272 .
177 3215 426 3289 1611Genevae,
449 3224 499 3278 12.
521 3217 601 3298 apud
628 3216 763 3278 Paulum
788 3215 973 3298 Stephanum
998 3218 1125 3298 repetita
1145 3215 1240 3278 editio

132 3313 576 3396 casaubono-Stephanium
589 3323 676 3376 extat
686 3316 718 3374 in
730 3313 811 3374 Bibl.
823 3313 898 3376 Sec.
910 3313 1048 3376 Francos.
1062 3313 1102 3376 ad
1115 3314 1162 3376 M.

177 3445 222 3460 ·-
238 3411 380 3478 Francos.
393 3412 434 3476 sd
447 3413 494 3474 M.
515 3420 565 3474 12.
578 3412 676 3474 Plinii
697 3413 777 3494 Epp.
798 3413 867 3474 libri
887 3430 923 3472 x.
937 3433 968 3473 c.
982 3433 1012 3474 n.
1027 3411 1159 3484 Gruteri,
1175 3413 1238 3474 Ce-

131 3510 273 3582 saubo'ni,
287 3520 319 3572 et
332 3509 432 3572 Hesr.
455 3509 614 3592 Stephani.
654 3509 816 3572 Accedunt
838 3509 1114 3589 x11.Panegyrici
1134 3509 1237 3591 Impa-

136 3608 284 3671 tatoribus
296 3607 369 3672 dicti
391 3628 419 3671 c.
437 3629 467 3672 u.
489 3607 625 3680 Livineii,
646 3606 850 3678 Rittershurii,
871 3605 1019 3676 Acidalii‚
1045 3597 1077 3666 et
1103 3604 1236 3679 Gruteri,

135 3705 189 3785 qui
202 3706 233 3766 in
245 3706 347 3787 capita
358 3707 469 3786 primus
480 3706 618 3770 distinxit
630 3691 845 3786 Paneg'yricos.

176 3803 512 3884 restitutiones.
533 3802 615 3864 Justi
631 3802 724 3884 Lipsii
745 3798 1019 3862 Dissertatiunculae
1040 3799 1121 3881 apud
1144 3798 1233 3860 Prin·

135 3901 236 3982 cipes:
258 3901 330 3963 item
344 3901 384 3962 C.
398 3900 495 3963 Plinii
509 3900 726 3982 Panegyricus,
741 3905 799 3960 &c
841 3897 944 3958 Editio
959 3897 1055 3958 tertia.
1076 3897 1139 3962 vid.
1153 3897 1236 3959 eda.

135 4005 258 4160 161ῗ25
278 4097 424 4170 Genese,
437 4104 471 4160 4.
484 4096 523 4158 C.
533 4097 631 4158 Plinii
644 4096 717 4166 Sec.
729 4096 809 4178 Epp.
820 4094 889 4168 libri
904 4111 939 4156 x.
948 4063 1019 4156 iteni
1030 4091 1235 4174 Panegyricus

134 4194 269 4276 Traiano
279 4193 377 4257 dictus
385 4215 456 4256 cunr
467 4193 636 4260 Conment.
650 4193 700 4256 Jo.
714 4193 794 4258 Mar.
809 4192 956 4268 Catanai.
1022 4241 1024 4246 ,
1111 4249 1112 4256 ¹
1218 4237 1222 4246 .
