<?xml version="1.0" encoding="UTF-8"?>
<!DOCTYPE html PUBLIC "-//W3C//DTD XHTML 1.0 Transitional//EN"
    "http://www.w3.org/TR/xhtml1/DTD/xhtml1-transitional.dtd">
<html xmlns="http://www.w3.org/1999/xhtml" xml:lang="en" lang="en">
 <head>
  <title>
</title>
<meta http-equiv="Content-Type" content="text/html;charset=utf-8" />
  <meta name='ocr-system' content='tesseract 3.04.00' />
  <meta name='ocr-capabilities' content='ocr_page ocr_carea ocr_par ocr_line ocrx_word'/>
</head>
<body>
  <div class='ocr_page' id='page_1' title='image "./panegyriciveter04baungoog_0102.png"; bbox 0 0 2948 4852; ppageno 0'>
   <div class='ocr_carea' id='block_1_1' title="bbox 304 340 1234 436">
    <p class='ocr_par' dir='ltr' id='par_1_1' title="bbox 304 340 1234 436">
     <span class='ocr_line' id='line_1_1' title="bbox 304 340 1234 436; baseline 0.006 -32"><span class='ocrx_word' id='word_1_1' title='bbox 304 354 526 405; x_wconf 77' lang='lat' dir='ltr'><strong>trutttttttntl</strong></span> <span class='ocrx_word' id='word_1_2' title='bbox 551 354 666 404; x_wconf 66' lang='grc' dir='ltr'><strong>ΕΒΗ.</strong></span> <span class='ocrx_word' id='word_1_3' title='bbox 689 355 899 404; x_wconf 73' lang='grc' dir='ltr'><strong>ΑΟΊΊΟΝΕΜ.</strong></span> <span class='ocrx_word' id='word_1_4' title='bbox 935 355 991 404; x_wconf 80' lang='lat' dir='ltr'><strong>Xl·</strong></span> <span class='ocrx_word' id='word_1_5' title='bbox 1012 340 1068 436; x_wconf 65' lang='lat'><strong>23·</strong></span> <span class='ocrx_word' id='word_1_6' title='bbox 1140 341 1234 410; x_wconf 61' lang='lat' dir='ltr'><em>W</em></span> 
     </span>
    </p>
   </div>
   <div class='ocr_carea' id='block_1_2' title="bbox 127 457 1232 566">
    <p class='ocr_par' dir='ltr' id='par_1_2' title="bbox 127 457 1232 566">
     <span class='ocr_line' id='line_1_2' title="bbox 127 457 1232 566; baseline 0.005 -20"><span class='ocrx_word' id='word_1_7' title='bbox 127 499 222 564; x_wconf 61' lang='lat' dir='ltr'><strong>„ploras</strong></span> <span class='ocrx_word' id='word_1_8' title='bbox 230 510 303 562; x_wconf 76' lang='lat' dir='ltr'><strong>stupe</strong></span> <span class='ocrx_word' id='word_1_9' title='bbox 313 498 385 563; x_wconf 86' lang='lat' dir='ltr'><strong>poni,</strong></span> <span class='ocrx_word' id='word_1_10' title='bbox 396 457 504 548; x_wconf 78' lang='lat' dir='ltr'><strong>sedtum</strong></span> <span class='ocrx_word' id='word_1_11' title='bbox 511 498 666 562; x_wconf 72' lang='lat' dir='ltr'><strong>intelligunt</strong></span> <span class='ocrx_word' id='word_1_12' title='bbox 703 507 778 560; x_wconf 89' lang='lat' dir='ltr'><strong>reut;</strong></span> <span class='ocrx_word' id='word_1_13' title='bbox 789 498 904 562; x_wconf 82' lang='lat' dir='ltr'><strong>quamtis</strong></span> <span class='ocrx_word' id='word_1_14' title='bbox 916 497 984 548; x_wconf 88' lang='lat' dir='ltr'><strong>enirn</strong></span> <span class='ocrx_word' id='word_1_15' title='bbox 996 499 1162 565; x_wconf 76' lang='lat' dir='ltr'><strong>pbilosopbia</strong></span> <span class='ocrx_word' id='word_1_16' title='bbox 1170 515 1232 566; x_wconf 88' lang='lat' dir='ltr'><strong>par·</strong></span> 
     </span>
    </p>
   </div>
   <div class='ocr_carea' id='block_1_3' title="bbox 95 574 1233 2020">
    <p class='ocr_par' dir='ltr' id='par_1_3' title="bbox 95 574 1233 2020">
     <span class='ocr_line' id='line_1_3' title="bbox 132 574 1231 648; baseline 0.006 -23"><span class='ocrx_word' id='word_1_17' title='bbox 132 589 190 625; x_wconf 72' lang='grc' dir='ltr'><strong>ιιι.</strong></span> <span class='ocrx_word' id='word_1_18' title='bbox 200 575 285 638; x_wconf 72' lang='lat' dir='ltr'><strong>sigua,</strong></span> <span class='ocrx_word' id='word_1_19' title='bbox 299 574 325 624; x_wconf 92' lang='lat' dir='ltr'><strong>in</strong></span> <span class='ocrx_word' id='word_1_20' title='bbox 336 575 430 640; x_wconf 89' lang='lat' dir='ltr'><strong>quibus</strong></span> <span class='ocrx_word' id='word_1_21' title='bbox 441 577 493 624; x_wconf 85' lang='lat' dir='ltr'><strong>suis</strong></span> <span class='ocrx_word' id='word_1_22' title='bbox 503 576 665 638; x_wconf 75' lang='lat' dir='ltr'><strong>temporibus</strong></span> <span class='ocrx_word' id='word_1_23' title='bbox 704 585 755 628; x_wconf 88' lang='lat' dir='ltr'><strong>tem</strong></span> <span class='ocrx_word' id='word_1_24' title='bbox 779 577 877 628; x_wconf 76' lang='lat' dir='ltr'><strong>iaceret</strong></span> <span class='ocrx_word' id='word_1_25' title='bbox 899 579 1032 648; x_wconf 84' lang='lat' dir='ltr'><strong>stellarum</strong></span> <span class='ocrx_word' id='word_1_26' title='bbox 1052 582 1176 644; x_wconf 73' lang='lat' dir='ltr'><strong>cognitio,</strong></span> <span class='ocrx_word' id='word_1_27' title='bbox 1199 597 1231 632; x_wconf 90' lang='lat' dir='ltr'><strong>ea</strong></span> 
     </span>
     <span class='ocr_line' id='line_1_4' title="bbox 130 650 1233 721; baseline 0.005 -20"><span class='ocrx_word' id='word_1_28' title='bbox 130 652 178 701; x_wconf 81' lang='lat' dir='ltr'><strong>Sol</strong></span> <span class='ocrx_word' id='word_1_29' title='bbox 189 652 358 716; x_wconf 70' lang='lat' dir='ltr'><strong>conspicitur,</strong></span> <span class='ocrx_word' id='word_1_30' title='bbox 371 650 443 714; x_wconf 74' lang='grc' dir='ltr'><strong>ζόιιιι</strong></span> <span class='ocrx_word' id='word_1_31' title='bbox 452 652 522 715; x_wconf 88' lang='lat' dir='ltr'><strong>apud</strong></span> <span class='ocrx_word' id='word_1_32' title='bbox 533 651 665 704; x_wconf 81' lang='lat' dir='ltr'><strong>Plutarch·</strong></span> <span class='ocrx_word' id='word_1_33' title='bbox 703 663 789 703; x_wconf 86' lang='lat' dir='ltr'><strong>tamen</strong></span> <span class='ocrx_word' id='word_1_34' title='bbox 801 655 983 711; x_wconf 74' lang='lat' dir='ltr'>abutebantur,</span> <span class='ocrx_word' id='word_1_35' title='bbox 1000 669 1064 720; x_wconf 88' lang='lat' dir='ltr'><strong>qnos</strong></span> <span class='ocrx_word' id='word_1_36' title='bbox 1082 671 1130 721; x_wconf 84' lang='lat' dir='ltr'><strong>per</strong></span> <span class='ocrx_word' id='word_1_37' title='bbox 1146 659 1233 707; x_wconf 80' lang='lat' dir='ltr'><strong>racel·</strong></span> 
     </span>
     <span class='ocr_line' id='line_1_5' title="bbox 131 727 1231 791; baseline 0.011 -15"><span class='ocrx_word' id='word_1_38' title='bbox 131 727 168 778; x_wconf 86' lang='lat' dir='ltr'><strong>de</strong></span> <span class='ocrx_word' id='word_1_39' title='bbox 181 727 277 776; x_wconf 84' lang='lat' dir='ltr'><strong>Placit.</strong></span> <span class='ocrx_word' id='word_1_40' title='bbox 288 727 385 776; x_wconf 85' lang='lat' dir='ltr'><strong>Pbiios.</strong></span> <span class='ocrx_word' id='word_1_41' title='bbox 396 741 422 777; x_wconf 80' lang='lat' dir='ltr'><strong>r.</strong></span> <span class='ocrx_word' id='word_1_42' title='bbox 433 730 523 791; x_wconf 68' lang='lat' dir='ltr'><strong>pettit.</strong></span> <span class='ocrx_word' id='word_1_43' title='bbox 533 727 591 777; x_wconf 76' lang='lat' dir='ltr'><strong>brec</strong></span> <span class='ocrx_word' id='word_1_44' title='bbox 603 743 665 778; x_wconf 83' lang='lat' dir='ltr'><strong>vero</strong></span> <span class='ocrx_word' id='word_1_45' title='bbox 702 732 809 782; x_wconf 84' lang='lat' dir='ltr'><strong>lentiam</strong></span> <span class='ocrx_word' id='word_1_46' title='bbox 831 735 838 761; x_wconf 87' lang='lat'>‘</span> <span class='ocrx_word' id='word_1_47' title='bbox 858 733 1067 783; x_wconf 84' lang='lat' dir='ltr'><strong>matbematieos&#39;</strong></span> <span class='ocrx_word' id='word_1_48' title='bbox 1093 735 1231 788; x_wconf 80' lang='lat' dir='ltr'><strong>nocebant.</strong></span> 
     </span>
     <span class='ocr_line' id='line_1_6' title="bbox 127 805 1231 870; baseline 0.009 -18"><span class='ocrx_word' id='word_1_49' title='bbox 127 818 185 856; x_wconf 82' lang='lat' dir='ltr'><strong>non</strong></span> <span class='ocrx_word' id='word_1_50' title='bbox 196 805 252 854; x_wconf 86' lang='lat' dir='ltr'><strong>sola</strong></span> <span class='ocrx_word' id='word_1_51' title='bbox 263 805 436 854; x_wconf 78' lang='lat' dir='ltr'><strong>observabant</strong></span> <span class='ocrx_word' id='word_1_52' title='bbox 447 806 578 868; x_wconf 73' lang='lat' dir='ltr'><strong>agricola,</strong></span> <span class='ocrx_word' id='word_1_53' title='bbox 595 806 664 870; x_wconf 86' lang='lat' dir='ltr'><strong>quod</strong></span> <span class='ocrx_word' id='word_1_54' title='bbox 698 808 795 860; x_wconf 80' lang='lat' dir='ltr'><strong>Joaun.</strong></span> <span class='ocrx_word' id='word_1_55' title='bbox 804 808 938 868; x_wconf 80' lang='lat' dir='ltr'><strong>Seresber.</strong></span> <span class='ocrx_word' id='word_1_56' title='bbox 955 809 1054 860; x_wconf 90' lang='lat' dir='ltr'><strong>Polior.</strong></span> <span class='ocrx_word' id='word_1_57' title='bbox 1065 823 1085 858; x_wconf 94' lang='grc' dir='ltr'><strong>ι.</strong></span> <span class='ocrx_word' id='word_1_58' title='bbox 1095 814 1136 859; x_wconf 79' lang='lat' dir='ltr'><strong>lt.</strong></span> <span class='ocrx_word' id='word_1_59' title='bbox 1152 813 1161 840; x_wconf 89' lang='lat'>‘</span> <span class='ocrx_word' id='word_1_60' title='bbox 1172 811 1231 862; x_wconf 88' lang='lat' dir='ltr'><strong>Ma·</strong></span> 
     </span>
     <span class='ocr_line' id='line_1_7' title="bbox 129 880 1231 950; baseline 0.008 -21"><span class='ocrx_word' id='word_1_61' title='bbox 129 880 191 942; x_wconf 84' lang='lat' dir='ltr'><strong>ipre</strong></span> <span class='ocrx_word' id='word_1_62' title='bbox 209 882 326 943; x_wconf 64' lang='lat' dir='ltr'><strong>agnoseit</strong></span> <span class='ocrx_word' id='word_1_63' title='bbox 335 881 464 944; x_wconf 73' lang='lat' dir='ltr'><strong>dagenus,</strong></span> <span class='ocrx_word' id='word_1_64' title='bbox 482 881 528 931; x_wconf 84' lang='lat' dir='ltr'><strong>ssd</strong></span> <span class='ocrx_word' id='word_1_65' title='bbox 542 882 664 946; x_wconf 75' lang='lat' dir='ltr'><strong>Virgilian</strong></span> <span class='ocrx_word' id='word_1_66' title='bbox 701 885 833 935; x_wconf 82' lang='lat' dir='ltr'><strong>theoretici</strong></span> <span class='ocrx_word' id='word_1_67' title='bbox 845 893 915 942; x_wconf 89' lang='lat' dir='ltr'><strong>sunt,</strong></span> <span class='ocrx_word' id='word_1_68' title='bbox 927 885 988 934; x_wconf 83' lang='lat' dir='ltr'><strong>linat</strong></span> <span class='ocrx_word' id='word_1_69' title='bbox 999 885 1231 950; x_wconf 70' lang='lat' dir='ltr'><strong>adpellattoqsue·</strong></span> 
     </span>
     <span class='ocr_line' id='line_1_8' title="bbox 129 958 1231 1029; baseline 0.007 -21"><span class='ocrx_word' id='word_1_70' title='bbox 129 959 222 1019; x_wconf 86' lang='lat' dir='ltr'><strong>etiam,</strong></span> <span class='ocrx_word' id='word_1_71' title='bbox 234 959 336 1022; x_wconf 88' lang='lat' dir='ltr'><strong>aliaque</strong></span> <span class='ocrx_word' id='word_1_72' title='bbox 347 958 442 1020; x_wconf 86' lang='lat' dir='ltr'><strong>ridere,</strong></span> <span class='ocrx_word' id='word_1_73' title='bbox 459 959 598 1024; x_wconf 86' lang='lat' dir='ltr'><strong>dequibus</strong></span> <span class='ocrx_word' id='word_1_74' title='bbox 610 961 663 1010; x_wconf 89' lang='lat' dir='ltr'><strong>Pli-</strong></span> <span class='ocrx_word' id='word_1_75' title='bbox 701 961 884 1018; x_wconf 83' lang='lat' dir='ltr'><strong>reiitsromuie</strong></span> <span class='ocrx_word' id='word_1_76' title='bbox 892 962 1091 1025; x_wconf 71' lang='lat' dir='ltr'><strong>complectatur,</strong></span> <span class='ocrx_word' id='word_1_77' title='bbox 1103 964 1146 1028; x_wconf 91' lang='lat' dir='ltr'><strong>qni</strong></span> <span class='ocrx_word' id='word_1_78' title='bbox 1159 969 1173 1014; x_wconf 85' lang='lat' dir='ltr'><strong>ri</strong></span> <span class='ocrx_word' id='word_1_79' title='bbox 1185 981 1231 1029; x_wconf 90' lang='lat' dir='ltr'><strong>po·</strong></span> 
     </span>
     <span class='ocr_line' id='line_1_9' title="bbox 128 1037 1230 1105; baseline 0.005 -19"><span class='ocrx_word' id='word_1_80' title='bbox 128 1038 190 1086; x_wconf 86' lang='lat' dir='ltr'><strong>nius</strong></span> <span class='ocrx_word' id='word_1_81' title='bbox 203 1037 275 1086; x_wconf 85' lang='lat' dir='ltr'><strong>Hist.</strong></span> <span class='ocrx_word' id='word_1_82' title='bbox 291 1037 355 1086; x_wconf 81' lang='lat' dir='ltr'><strong>Not.</strong></span> <span class='ocrx_word' id='word_1_83' title='bbox 368 1048 451 1086; x_wconf 86' lang='lat' dir='ltr'><strong>xvrrr.</strong></span> <span class='ocrx_word' id='word_1_84' title='bbox 461 1039 503 1085; x_wconf 73' lang='lat' dir='ltr'><strong>ut.</strong></span> <span class='ocrx_word' id='word_1_85' title='bbox 520 1051 603 1101; x_wconf 86' lang='lat' dir='ltr'><strong>quere</strong></span> <span class='ocrx_word' id='word_1_86' title='bbox 619 1053 663 1102; x_wconf 74' lang='lat' dir='ltr'><strong>gs·</strong></span> <span class='ocrx_word' id='word_1_87' title='bbox 700 1038 794 1088; x_wconf 85' lang='lat' dir='ltr'><strong>sitione</strong></span> <span class='ocrx_word' id='word_1_88' title='bbox 802 1038 945 1100; x_wconf 83' lang='lat' dir='ltr'><strong>stellarum,</strong></span> <span class='ocrx_word' id='word_1_89' title='bbox 955 1039 1057 1104; x_wconf 86' lang='lat' dir='ltr'><strong>situque</strong></span> <span class='ocrx_word' id='word_1_90' title='bbox 1065 1037 1230 1105; x_wconf 82' lang='lat' dir='ltr'><strong>firmamenti,</strong></span> 
     </span>
     <span class='ocr_line' id='line_1_10' title="bbox 123 1113 1229 1178; baseline 0.002 -12"><span class='ocrx_word' id='word_1_91' title='bbox 123 1113 258 1166; x_wconf 80' lang='lat' dir='ltr'><strong>nereliter</strong></span> <span class='ocrx_word' id='word_1_92' title='bbox 280 1114 413 1164; x_wconf 83' lang='lat' dir='ltr'><strong>Minucios</strong></span> <span class='ocrx_word' id='word_1_93' title='bbox 433 1114 489 1164; x_wconf 82' lang='lat' dir='ltr'><strong>Fel.</strong></span> <span class='ocrx_word' id='word_1_94' title='bbox 508 1114 604 1164; x_wconf 86' lang='lat' dir='ltr'><strong>Ootar.</strong></span> <span class='ocrx_word' id='word_1_95' title='bbox 623 1119 663 1166; x_wconf 84' lang='lat' dir='ltr'><strong>tt.</strong></span> <span class='ocrx_word' id='word_1_96' title='bbox 700 1122 728 1165; x_wconf 89' lang='lat' dir='ltr'><strong>et</strong></span> <span class='ocrx_word' id='word_1_97' title='bbox 743 1117 902 1177; x_wconf 84' lang='lat' dir='ltr'><strong>planetarum</strong></span> <span class='ocrx_word' id='word_1_98' title='bbox 918 1123 1001 1178; x_wconf 86' lang='lat' dir='ltr'><strong>motu,</strong></span> <span class='ocrx_word' id='word_1_99' title='bbox 1021 1131 1079 1178; x_wconf 78' lang='lat' dir='ltr'><strong>quus</strong></span> <span class='ocrx_word' id='word_1_100' title='bbox 1098 1119 1150 1167; x_wconf 88' lang='lat' dir='ltr'><strong>rint</strong></span> <span class='ocrx_word' id='word_1_101' title='bbox 1167 1133 1229 1168; x_wconf 81' lang='lat' dir='ltr'><strong>reu-</strong></span> 
     </span>
     <span class='ocr_line' id='line_1_11' title="bbox 126 1190 1231 1259; baseline 0.005 -19"><span class='ocrx_word' id='word_1_102' title='bbox 126 1199 135 1222; x_wconf 82' lang='lat'><strong><em>⁴</em></strong></span> <span class='ocrx_word' id='word_1_103' title='bbox 158 1191 229 1256; x_wconf 88' lang='lat' dir='ltr'><strong>quod</strong></span> <span class='ocrx_word' id='word_1_104' title='bbox 252 1191 364 1257; x_wconf 84' lang='lat' dir='ltr'><strong>(sidere)</strong></span> <span class='ocrx_word' id='word_1_105' title='bbox 384 1190 474 1240; x_wconf 89' lang='lat' dir='ltr'><strong>arandi</strong></span> <span class='ocrx_word' id='word_1_106' title='bbox 494 1191 662 1256; x_wconf 73' lang='lat' dir='ltr'><strong>metendique</strong></span> <span class='ocrx_word' id='word_1_107' title='bbox 700 1200 768 1248; x_wconf 88' lang='lat' dir='ltr'><strong>tura,</strong></span> <span class='ocrx_word' id='word_1_108' title='bbox 783 1190 946 1256; x_wconf 68' lang='lat' dir='ltr'><strong>conjiciunt!</strong></span> <span class='ocrx_word' id='word_1_109' title='bbox 963 1205 995 1241; x_wconf 94' lang='grc' dir='ltr'><strong>ιι.</strong></span> <span class='ocrx_word' id='word_1_110' title='bbox 1012 1197 1053 1242; x_wconf 82' lang='lat' dir='ltr'><strong>ts.</strong></span> <span class='ocrx_word' id='word_1_111' title='bbox 1069 1196 1078 1222; x_wconf 81' lang='lat'>⁸</span> <span class='ocrx_word' id='word_1_112' title='bbox 1095 1195 1231 1259; x_wconf 80' lang='lat' dir='ltr'><strong>Maluerit,</strong></span> 
     </span>
     <span class='ocr_line' id='line_1_12' title="bbox 95 1267 1230 1338; baseline 0.003 -18"><span class='ocrx_word' id='word_1_113' title='bbox 95 1295 100 1306; x_wconf 89' lang='lat'><strong>·</strong></span> <span class='ocrx_word' id='word_1_114' title='bbox 127 1277 235 1334; x_wconf 85' lang='lat' dir='ltr'><strong>tempus</strong></span> <span class='ocrx_word' id='word_1_115' title='bbox 246 1267 396 1318; x_wconf 73' lang='lat' dir='ltr'><strong>inducente·</strong></span> <span class='ocrx_word' id='word_1_116' title='bbox 414 1276 442 1317; x_wconf 89' lang='lat' dir='ltr'><strong>et</strong></span> <span class='ocrx_word' id='word_1_117' title='bbox 451 1267 546 1330; x_wconf 84' lang='lat' dir='ltr'><strong>passim</strong></span> <span class='ocrx_word' id='word_1_118' title='bbox 558 1268 596 1318; x_wconf 85' lang='lat' dir='ltr'><strong>rei</strong></span> <span class='ocrx_word' id='word_1_119' title='bbox 608 1283 662 1318; x_wconf 90' lang='lat' dir='ltr'><strong>rus-</strong></span> <span class='ocrx_word' id='word_1_120' title='bbox 699 1283 757 1332; x_wconf 82' lang='lat' dir='ltr'><strong>quer</strong></span> <span class='ocrx_word' id='word_1_121' title='bbox 775 1268 922 1319; x_wconf 81' lang='lat' dir='ltr'><strong>futurorum</strong></span> <span class='ocrx_word' id='word_1_122' title='bbox 940 1269 1079 1333; x_wconf 88' lang='lat' dir='ltr'><strong>pollicetur</strong></span> <span class='ocrx_word' id='word_1_123' title='bbox 1096 1271 1230 1338; x_wconf 87' lang='lat' dir='ltr'><strong>iudicium,</strong></span> 
     </span>
     <span class='ocr_line' id='line_1_13' title="bbox 126 1345 1229 1411; baseline 0.002 -13"><span class='ocrx_word' id='word_1_124' title='bbox 126 1347 191 1398; x_wconf 82' lang='lat' dir='ltr'><strong>ticae</strong></span> <span class='ocrx_word' id='word_1_125' title='bbox 202 1346 356 1409; x_wconf 84' lang='lat' dir='ltr'><strong>scriptores.</strong></span> <span class='ocrx_word' id='word_1_126' title='bbox 389 1345 569 1410; x_wconf 84' lang='lat' dir='ltr'><strong>Serroiteque</strong></span> <span class='ocrx_word' id='word_1_127' title='bbox 582 1347 662 1396; x_wconf 79' lang='lat' dir='ltr'><strong>caelea·</strong></span> <span class='ocrx_word' id='word_1_128' title='bbox 699 1346 732 1395; x_wconf 89' lang='lat' dir='ltr'><strong>ab</strong></span> <span class='ocrx_word' id='word_1_129' title='bbox 753 1347 889 1396; x_wconf 81' lang='lat' dir='ltr'><strong>elementis</strong></span> <span class='ocrx_word' id='word_1_130' title='bbox 911 1345 1077 1411; x_wconf 77' lang='lat' dir='ltr'><strong>plrilosopbin</strong></span> <span class='ocrx_word' id='word_1_131' title='bbox 1176 1359 1229 1401; x_wconf 84' lang='lat' dir='ltr'><strong>tra·</strong></span> 
     </span>
     <span class='ocr_line' id='line_1_14' title="bbox 126 1421 1229 1494; baseline 0.003 -18"><span class='ocrx_word' id='word_1_132' title='bbox 126 1427 200 1486; x_wconf 80' lang='lat' dir='ltr'><strong>tiata,</strong></span> <span class='ocrx_word' id='word_1_133' title='bbox 218 1424 288 1490; x_wconf 88' lang='lat' dir='ltr'><strong>qnod</strong></span> <span class='ocrx_word' id='word_1_134' title='bbox 305 1425 383 1474; x_wconf 84' lang='lat' dir='ltr'><strong>babet</strong></span> <span class='ocrx_word' id='word_1_135' title='bbox 399 1425 479 1474; x_wconf 85' lang='lat' dir='ltr'><strong>etietu</strong></span> <span class='ocrx_word' id='word_1_136' title='bbox 499 1422 588 1474; x_wconf 77' lang='lat' dir='ltr'><strong>Goeif.</strong></span> <span class='ocrx_word' id='word_1_137' title='bbox 628 1424 661 1475; x_wconf 90' lang='lat' dir='ltr'><strong>In</strong></span> <span class='ocrx_word' id='word_1_138' title='bbox 697 1421 761 1471; x_wconf 84' lang='lat' dir='ltr'><strong>bene</strong></span> <span class='ocrx_word' id='word_1_139' title='bbox 773 1424 907 1486; x_wconf 70' lang='lat' dir='ltr'><strong>originem,</strong></span> <span class='ocrx_word' id='word_1_140' title='bbox 922 1424 992 1473; x_wconf 88' lang='lat' dir='ltr'><strong>ultra</strong></span> <span class='ocrx_word' id='word_1_141' title='bbox 1002 1425 1175 1490; x_wconf 72' lang='lat' dir='ltr'><strong>progreditur,</strong></span> <span class='ocrx_word' id='word_1_142' title='bbox 1190 1435 1229 1494; x_wconf 85' lang='lat' dir='ltr'><strong>st,</strong></span> 
     </span>
     <span class='ocr_line' id='line_1_15' title="bbox 121 1499 1229 1566; baseline 0.002 -14"><span class='ocrx_word' id='word_1_143' title='bbox 121 1503 279 1552; x_wconf 83' lang='lat' dir='ltr'><strong>universum</strong></span> <span class='ocrx_word' id='word_1_144' title='bbox 299 1502 367 1550; x_wconf 88' lang='lat' dir='ltr'><strong>eninr</strong></span> <span class='ocrx_word' id='word_1_145' title='bbox 388 1506 448 1548; x_wconf 88' lang='lat' dir='ltr'><strong>sunt</strong></span> <span class='ocrx_word' id='word_1_146' title='bbox 463 1499 553 1562; x_wconf 72' lang='lat' dir='ltr'><strong>‘signa</strong></span> <span class='ocrx_word' id='word_1_147' title='bbox 572 1500 660 1550; x_wconf 75' lang='lat' dir='ltr'><strong>caelss·</strong></span> <span class='ocrx_word' id='word_1_148' title='bbox 698 1499 816 1548; x_wconf 82' lang='lat' dir='ltr'><strong>elationis</strong></span> <span class='ocrx_word' id='word_1_149' title='bbox 835 1513 888 1548; x_wconf 81' lang='lat' dir='ltr'><strong>sura</strong></span> <span class='ocrx_word' id='word_1_150' title='bbox 905 1501 1065 1563; x_wconf 82' lang='lat' dir='ltr'><strong>temeritate,</strong></span> <span class='ocrx_word' id='word_1_151' title='bbox 1084 1501 1111 1550; x_wconf 91' lang='lat' dir='ltr'><strong>io</strong></span> <span class='ocrx_word' id='word_1_152' title='bbox 1131 1517 1229 1566; x_wconf 69' lang='lat' dir='ltr'><strong>praro-</strong></span> 
     </span>
     <span class='ocr_line' id='line_1_16' title="bbox 124 1567 1228 1642; baseline 0.001 -14"><span class='ocrx_word' id='word_1_153' title='bbox 124 1578 184 1636; x_wconf 88' lang='lat' dir='ltr'><strong>tia,&#39;</strong></span> <span class='ocrx_word' id='word_1_154' title='bbox 200 1578 294 1642; x_wconf 91' lang='lat' dir='ltr'><strong>quibus</strong></span> <span class='ocrx_word' id='word_1_155' title='bbox 312 1576 375 1640; x_wconf 91' lang='lat' dir='ltr'><strong>qnid</strong></span> <span class='ocrx_word' id='word_1_156' title='bbox 392 1575 425 1624; x_wconf 87' lang='lat' dir='ltr'><strong>de</strong></span> <span class='ocrx_word' id='word_1_157' title='bbox 437 1567 659 1638; x_wconf 65' lang='lat' dir='ltr'><strong>¹carloiudioatnu</strong></span> <span class='ocrx_word' id='word_1_158' title='bbox 697 1575 810 1637; x_wconf 76' lang='lat' dir='ltr'><strong>getivam</strong></span> <span class='ocrx_word' id='word_1_159' title='bbox 831 1575 886 1638; x_wconf 84' lang='lat' dir='ltr'><strong>ejur</strong></span> <span class='ocrx_word' id='word_1_160' title='bbox 904 1577 1058 1638; x_wconf 88' lang='lat' dir='ltr'><strong>prorumpit,</strong></span> <span class='ocrx_word' id='word_1_161' title='bbox 1077 1577 1121 1640; x_wconf 91' lang='lat' dir='ltr'><strong>qni</strong></span> <span class='ocrx_word' id='word_1_162' title='bbox 1139 1581 1228 1630; x_wconf 82' lang='lat' dir='ltr'><strong>stellas</strong></span> 
     </span>
     <span class='ocr_line' id='line_1_17' title="bbox 125 1650 1227 1718; baseline 0.002 -14"><span class='ocrx_word' id='word_1_163' title='bbox 125 1662 156 1704; x_wconf 82' lang='lat' dir='ltr'><strong>et</strong></span> <span class='ocrx_word' id='word_1_164' title='bbox 174 1655 224 1704; x_wconf 84' lang='lat' dir='ltr'><strong>bec</strong></span> <span class='ocrx_word' id='word_1_165' title='bbox 242 1653 387 1717; x_wconf 65' lang='lat' dir='ltr'><strong>presertim</strong></span> <span class='ocrx_word' id='word_1_166' title='bbox 405 1653 463 1702; x_wconf 89' lang='lat' dir='ltr'><strong>loco</strong></span> <span class='ocrx_word' id='word_1_167' title='bbox 481 1650 577 1702; x_wconf 81' lang='lat' dir='ltr'><strong>intorte</strong></span> <span class='ocrx_word' id='word_1_168' title='bbox 596 1659 659 1702; x_wconf 83' lang='lat' dir='ltr'><strong>teur-</strong></span> <span class='ocrx_word' id='word_1_169' title='bbox 696 1661 823 1713; x_wconf 86' lang='lat' dir='ltr'><strong>numerat,</strong></span> <span class='ocrx_word' id='word_1_170' title='bbox 838 1667 945 1718; x_wconf 87' lang='lat' dir='ltr'><strong>quarum</strong></span> <span class='ocrx_word' id='word_1_171' title='bbox 964 1653 1021 1715; x_wconf 87' lang='lat' dir='ltr'><strong>ipse</strong></span> <span class='ocrx_word' id='word_1_172' title='bbox 1034 1655 1137 1704; x_wconf 89' lang='lat' dir='ltr'><strong>nomina</strong></span> <span class='ocrx_word' id='word_1_173' title='bbox 1149 1659 1227 1715; x_wconf 82' lang='lat' dir='ltr'><strong>solut,</strong></span> 
     </span>
     <span class='ocr_line' id='line_1_18' title="bbox 124 1729 1227 1794; baseline 0.004 -15"><span class='ocrx_word' id='word_1_174' title='bbox 124 1738 254 1794; x_wconf 83' lang='lat' dir='ltr'><strong>pestntes.</strong></span> <span class='ocrx_word' id='word_1_175' title='bbox 293 1729 404 1779; x_wconf 82' lang='lat' dir='ltr'><strong>Ovidius</strong></span> <span class='ocrx_word' id='word_1_176' title='bbox 431 1729 500 1778; x_wconf 88' lang='lat' dir='ltr'><strong>Met.</strong></span> <span class='ocrx_word' id='word_1_177' title='bbox 527 1742 574 1778; x_wconf 83' lang='lat' dir='ltr'><strong>xv.</strong></span> <span class='ocrx_word' id='word_1_178' title='bbox 600 1733 659 1780; x_wconf 80' lang='lat' dir='ltr'><strong>ont.</strong></span> <span class='ocrx_word' id='word_1_179' title='bbox 696 1729 944 1792; x_wconf 74' lang='lat' dir='ltr'><strong>sigoa,pnteatetea‚</strong></span> <span class='ocrx_word' id='word_1_180' title='bbox 958 1743 1058 1786; x_wconf 87' lang='lat' dir='ltr'><strong>corsos,</strong></span> <span class='ocrx_word' id='word_1_181' title='bbox 1077 1732 1145 1793; x_wconf 80' lang='lat' dir='ltr'><strong>locu,</strong></span> <span class='ocrx_word' id='word_1_182' title='bbox 1162 1740 1227 1784; x_wconf 89' lang='lat' dir='ltr'><strong>tern-</strong></span> 
     </span>
     <span class='ocr_line' id='line_1_19' title="bbox 120 1802 1227 1869; baseline 0.002 -11"><span class='ocrx_word' id='word_1_183' title='bbox 120 1808 131 1864; x_wconf 81' lang='lat'><strong>‚‘</strong></span> <span class='ocrx_word' id='word_1_184' title='bbox 153 1807 267 1867; x_wconf 79' lang='lat' dir='ltr'><strong>Quaque</strong></span> <span class='ocrx_word' id='word_1_185' title='bbox 289 1805 347 1869; x_wconf 84' lang='lat' dir='ltr'><strong>ipss</strong></span> <span class='ocrx_word' id='word_1_186' title='bbox 374 1804 467 1856; x_wconf 86' lang='lat' dir='ltr'><strong>morari</strong></span> <span class='ocrx_word' id='word_1_187' title='bbox 495 1805 563 1854; x_wconf 80' lang='lat' dir='ltr'><strong>Sede</strong></span> <span class='ocrx_word' id='word_1_188' title='bbox 585 1806 658 1868; x_wconf 83' lang='lat' dir='ltr'><strong>velit,</strong></span> <span class='ocrx_word' id='word_1_189' title='bbox 696 1817 761 1867; x_wconf 88' lang='lat' dir='ltr'><strong>pora</strong></span> <span class='ocrx_word' id='word_1_190' title='bbox 783 1802 872 1854; x_wconf 84' lang='lat' dir='ltr'><strong>novit.&#39;</strong></span> <span class='ocrx_word' id='word_1_191' title='bbox 910 1805 976 1856; x_wconf 80' lang='lat' dir='ltr'><strong>Quae</strong></span> <span class='ocrx_word' id='word_1_192' title='bbox 998 1808 1145 1868; x_wconf 84' lang='lat' dir='ltr'><strong>posteriora</strong></span> <span class='ocrx_word' id='word_1_193' title='bbox 1165 1817 1227 1861; x_wconf 74' lang='lat' dir='ltr'><strong>tout</strong></span> 
     </span>
     <span class='ocr_line' id='line_1_20' title="bbox 123 1880 1225 1946; baseline 0.004 -14"><span class='ocrx_word' id='word_1_194' title='bbox 123 1883 208 1946; x_wconf 76' lang='lat' dir='ltr'><strong>signis</strong></span> <span class='ocrx_word' id='word_1_195' title='bbox 220 1882 365 1932; x_wconf 69' lang='lat' dir='ltr'><strong>calcatibus</strong></span> <span class='ocrx_word' id='word_1_196' title='bbox 374 1882 483 1939; x_wconf 80' lang='lat' dir='ltr'><strong>indicet,</strong></span> <span class='ocrx_word' id='word_1_197' title='bbox 494 1880 586 1930; x_wconf 64' lang='lat' dir='ltr'><strong>orant!</strong></span> <span class='ocrx_word' id='word_1_198' title='bbox 612 1881 658 1943; x_wconf 90' lang='lat' dir='ltr'><strong>Ip·</strong></span> <span class='ocrx_word' id='word_1_199' title='bbox 694 1880 794 1930; x_wconf 86' lang='lat' dir='ltr'><strong>Sedulii</strong></span> <span class='ocrx_word' id='word_1_200' title='bbox 813 1881 898 1930; x_wconf 82' lang='lat' dir='ltr'><strong>Germ.</strong></span> <span class='ocrx_word' id='word_1_201' title='bbox 914 1894 935 1930; x_wconf 92' lang='grc' dir='ltr'><strong>ι.</strong></span> <span class='ocrx_word' id='word_1_202' title='bbox 952 1884 993 1930; x_wconf 74' lang='lat'><strong>6⁰.</strong></span> <span class='ocrx_word' id='word_1_203' title='bbox 1011 1891 1039 1930; x_wconf 83' lang='lat' dir='ltr'><strong>et</strong></span> <span class='ocrx_word' id='word_1_204' title='bbox 1057 1891 1147 1946; x_wconf 85' lang='lat' dir='ltr'><strong>postca</strong></span> <span class='ocrx_word' id='word_1_205' title='bbox 1165 1885 1225 1936; x_wconf 87' lang='lat' dir='ltr'><strong>eod.</strong></span> 
     </span>
     <span class='ocr_line' id='line_1_21' title="bbox 122 1951 1225 2020; baseline -0.001 -10"><span class='ocrx_word' id='word_1_206' title='bbox 122 1973 182 2010; x_wconf 85' lang='lat' dir='ltr'><strong>sam</strong></span> <span class='ocrx_word' id='word_1_207' title='bbox 196 1973 254 2010; x_wconf 85' lang='lat' dir='ltr'><strong>rem</strong></span> <span class='ocrx_word' id='word_1_208' title='bbox 272 1951 446 2020; x_wconf 72' lang='lat' dir='ltr'><strong>ita&#39;eapriruit</strong></span> <span class='ocrx_word' id='word_1_209' title='bbox 457 1958 553 2012; x_wconf 83' lang='lat' dir='ltr'><strong>Joeun.</strong></span> <span class='ocrx_word' id='word_1_210' title='bbox 569 1957 658 2007; x_wconf 75' lang='lat' dir='ltr'><strong>arrer-</strong></span> <span class='ocrx_word' id='word_1_211' title='bbox 694 1969 754 2020; x_wconf 88' lang='lat' dir='ltr'><strong>orp.</strong></span> <span class='ocrx_word' id='word_1_212' title='bbox 765 1955 798 2006; x_wconf 87' lang='lat' dir='ltr'><strong>de</strong></span> <span class='ocrx_word' id='word_1_213' title='bbox 809 1955 900 2005; x_wconf 86' lang='lat' dir='ltr'><strong>iisdem</strong></span> <span class='ocrx_word' id='word_1_214' title='bbox 912 1957 1117 2008; x_wconf 81' lang='lat' dir='ltr'><strong>mathematicis:</strong></span> <span class='ocrx_word' id='word_1_215' title='bbox 1134 1963 1142 1990; x_wconf 88' lang='lat'>‘</span> <span class='ocrx_word' id='word_1_216' title='bbox 1154 1962 1225 2012; x_wconf 86' lang='lat' dir='ltr'><strong>Dum</strong></span> 
     </span>
    </p>
   </div>
   <div class='ocr_carea' id='block_1_4' title="bbox 121 2032 1339 2100">
    <p class='ocr_par' dir='ltr' id='par_1_4' title="bbox 121 2032 1339 2100">
     <span class='ocr_line' id='line_1_22' title="bbox 121 2032 1339 2100; baseline 0.002 -14"><span class='ocrx_word' id='word_1_217' title='bbox 121 2037 182 2086; x_wconf 86' lang='lat' dir='ltr'><strong>ber.</strong></span> <span class='ocrx_word' id='word_1_218' title='bbox 208 2049 242 2085; x_wconf 94' lang='grc' dir='ltr'><strong>ιι.</strong></span> <span class='ocrx_word' id='word_1_219' title='bbox 264 2040 289 2086; x_wconf 73' lang='lat'><strong>2.</strong></span> <span class='ocrx_word' id='word_1_220' title='bbox 315 2042 325 2067; x_wconf 81' lang='lat'><em>⁴</em></span> <span class='ocrx_word' id='word_1_221' title='bbox 345 2035 416 2085; x_wconf 85' lang='lat' dir='ltr'><strong>Hinc</strong></span> <span class='ocrx_word' id='word_1_222' title='bbox 438 2035 572 2098; x_wconf 78' lang='lat' dir='ltr'><strong>sgribolae,</strong></span> <span class='ocrx_word' id='word_1_223' title='bbox 598 2035 658 2086; x_wconf 83' lang='lat' dir='ltr'><strong>binc</strong></span> <span class='ocrx_word' id='word_1_224' title='bbox 695 2032 945 2096; x_wconf 84' lang='lat' dir='ltr'><strong>constellationibus,</strong></span> <span class='ocrx_word' id='word_1_225' title='bbox 956 2041 984 2082; x_wconf 91' lang='lat' dir='ltr'><strong>et</strong></span> <span class='ocrx_word' id='word_1_226' title='bbox 996 2035 1107 2098; x_wconf 85' lang='lat' dir='ltr'><strong>planetis</strong></span> <span class='ocrx_word' id='word_1_227' title='bbox 1118 2037 1226 2089; x_wconf 89' lang='lat' dir='ltr'><strong>nimium</strong></span> <span class='ocrx_word' id='word_1_228' title='bbox 1336 2091 1339 2100; x_wconf 26' lang='lat' dir='ltr'><strong>f</strong></span> 
     </span>
    </p>
   </div>
   <div class='ocr_carea' id='block_1_5' title="bbox 117 2108 1227 2716">
    <p class='ocr_par' dir='ltr' id='par_1_5' title="bbox 117 2108 1227 2482">
     <span class='ocr_line' id='line_1_23' title="bbox 119 2108 1225 2179; baseline 0.005 -17"><span class='ocrx_word' id='word_1_229' title='bbox 119 2123 225 2172; x_wconf 69' lang='lat' dir='ltr'><strong>nanta,</strong></span> <span class='ocrx_word' id='word_1_230' title='bbox 234 2111 402 2162; x_wconf 70' lang='lat' dir='ltr'><strong>familiaribus</strong></span> <span class='ocrx_word' id='word_1_231' title='bbox 414 2111 567 2176; x_wconf 85' lang='lat' dir='ltr'><strong>quibusdam</strong></span> <span class='ocrx_word' id='word_1_232' title='bbox 578 2127 657 2175; x_wconf 85' lang='lat' dir='ltr'><strong>expe·</strong></span> <span class='ocrx_word' id='word_1_233' title='bbox 695 2109 800 2158; x_wconf 83' lang='lat' dir='ltr'><strong>virtutis</strong></span> <span class='ocrx_word' id='word_1_234' title='bbox 812 2108 976 2172; x_wconf 85' lang='lat' dir='ltr'><strong>adscribunt,</strong></span> <span class='ocrx_word' id='word_1_235' title='bbox 994 2111 1032 2161; x_wconf 89' lang='lat' dir='ltr'><strong>eie</strong></span> <span class='ocrx_word' id='word_1_236' title='bbox 1049 2115 1138 2164; x_wconf 82' lang='lat' dir='ltr'><strong>neseio</strong></span> <span class='ocrx_word' id='word_1_237' title='bbox 1149 2131 1225 2179; x_wconf 88' lang='lat' dir='ltr'><strong>qnam</strong></span> 
     </span>
     <span class='ocr_line' id='line_1_24' title="bbox 119 2185 1227 2254; baseline 0.005 -18"><span class='ocrx_word' id='word_1_238' title='bbox 119 2189 658 2254; x_wconf 68' lang='lat' dir='ltr'><strong>timentiuquidquotemporegeriopor·</strong></span> <span class='ocrx_word' id='word_1_239' title='bbox 695 2185 879 2234; x_wconf 85' lang='lat' dir='ltr'><strong>erretoritatem</strong></span> <span class='ocrx_word' id='word_1_240' title='bbox 901 2200 1008 2250; x_wconf 85' lang='lat' dir='ltr'><strong>operum</strong></span> <span class='ocrx_word' id='word_1_241' title='bbox 1031 2188 1227 2242; x_wconf 84' lang='lat' dir='ltr'><strong>adr&#39;cribentsa&#39;</strong></span> 
     </span>
     <span class='ocr_line' id='line_1_25' title="bbox 117 2263 1225 2330; baseline 0.005 -16"><span class='ocrx_word' id='word_1_242' title='bbox 117 2269 191 2330; x_wconf 73' lang='lat' dir='ltr'><strong>leet,</strong></span> <span class='ocrx_word' id='word_1_243' title='bbox 207 2266 342 2329; x_wconf 73' lang='lat' dir='ltr'><strong>colligunt.</strong></span> <span class='ocrx_word' id='word_1_244' title='bbox 358 2267 512 2330; x_wconf 76' lang='lat' dir='ltr'><strong>qualitatem</strong></span> <span class='ocrx_word' id='word_1_245' title='bbox 532 2267 656 2329; x_wconf 75' lang='lat' dir='ltr'><strong>temporit</strong></span> <span class='ocrx_word' id='word_1_246' title='bbox 693 2263 810 2314; x_wconf 87' lang='lat' dir='ltr'><strong>Isidorus</strong></span> <span class='ocrx_word' id='word_1_247' title='bbox 828 2264 905 2328; x_wconf 77' lang='lat' dir='ltr'><strong>Orig.</strong></span> <span class='ocrx_word' id='word_1_248' title='bbox 925 2278 971 2314; x_wconf 92' lang='grc' dir='ltr'><strong>ιιι.</strong></span> <span class='ocrx_word' id='word_1_249' title='bbox 989 2269 1030 2316; x_wconf 76' lang='lat' dir='ltr'><strong>tlt.</strong></span> <span class='ocrx_word' id='word_1_250' title='bbox 1047 2275 1114 2316; x_wconf 80' lang='lat' dir='ltr'><strong>extr.</strong></span> <span class='ocrx_word' id='word_1_251' title='bbox 1131 2269 1225 2319; x_wconf 82' lang='lat' dir='ltr'><strong>‘Non-</strong></span> 
     </span>
     <span class='ocr_line' id='line_1_26' title="bbox 119 2340 1224 2408; baseline 0.003 -16"><span class='ocrx_word' id='word_1_252' title='bbox 119 2341 208 2392; x_wconf 85' lang='lat' dir='ltr'><strong>futnri</strong></span> <span class='ocrx_word' id='word_1_253' title='bbox 226 2357 258 2394; x_wconf 82' lang='lat' dir='ltr'><strong>ea</strong></span> <span class='ocrx_word' id='word_1_254' title='bbox 276 2357 319 2398; x_wconf 86' lang='lat' dir='ltr'><strong>eo.</strong></span> <span class='ocrx_word' id='word_1_255' title='bbox 336 2343 404 2408; x_wconf 88' lang='lat' dir='ltr'><strong>qnod</strong></span> <span class='ocrx_word' id='word_1_256' title='bbox 424 2343 562 2407; x_wconf 71' lang='lat' dir='ltr'><strong>preteriit,</strong></span> <span class='ocrx_word' id='word_1_257' title='bbox 580 2344 656 2394; x_wconf 85' lang='lat' dir='ltr'><strong>rueti-</strong></span> <span class='ocrx_word' id='word_1_258' title='bbox 694 2340 759 2390; x_wconf 90' lang='lat' dir='ltr'><strong>nulli</strong></span> <span class='ocrx_word' id='word_1_259' title='bbox 776 2341 890 2390; x_wconf 88' lang='lat' dir='ltr'><strong>siderum</strong></span> <span class='ocrx_word' id='word_1_260' title='bbox 911 2342 1086 2405; x_wconf 79' lang='lat' dir='ltr'><strong>pulcritudine</strong></span> <span class='ocrx_word' id='word_1_261' title='bbox 1105 2351 1134 2394; x_wconf 88' lang='lat' dir='ltr'><strong>et</strong></span> <span class='ocrx_word' id='word_1_262' title='bbox 1149 2345 1224 2395; x_wconf 89' lang='lat' dir='ltr'><strong>olari·</strong></span> 
     </span>
     <span class='ocr_line' id='line_1_27' title="bbox 118 2417 1225 2482; baseline 0.005 -13"><span class='ocrx_word' id='word_1_263' title='bbox 118 2417 219 2470; x_wconf 78' lang='lat' dir='ltr'><strong>,entes-³</strong></span> <span class='ocrx_word' id='word_1_264' title='bbox 234 2418 322 2468; x_wconf 74' lang='lat' dir='ltr'><strong>Aruer.</strong></span> <span class='ocrx_word' id='word_1_265' title='bbox 694 2422 748 2466; x_wconf 87' lang='lat' dir='ltr'><strong>tate</strong></span> <span class='ocrx_word' id='word_1_266' title='bbox 760 2418 866 2480; x_wconf 80' lang='lat' dir='ltr'><strong>pellenti</strong></span> <span class='ocrx_word' id='word_1_267' title='bbox 880 2419 906 2466; x_wconf 87' lang='lat' dir='ltr'><strong>iu</strong></span> <span class='ocrx_word' id='word_1_268' title='bbox 925 2419 1013 2482; x_wconf 87' lang='lat' dir='ltr'><strong>lapsos</strong></span> <span class='ocrx_word' id='word_1_269' title='bbox 1028 2421 1160 2472; x_wconf 80' lang='lat' dir='ltr'><strong>stellarum</strong></span> <span class='ocrx_word' id='word_1_270' title='bbox 1172 2437 1225 2480; x_wconf 76' lang='lat' dir='ltr'><strong>ore-</strong></span> 
     </span>
    </p>

    <p class='ocr_par' dir='ltr' id='par_1_6' title="bbox 120 2495 1225 2716">
     <span class='ocr_line' id='line_1_28' title="bbox 154 2495 1223 2558; baseline 0.008 -13"><span class='ocrx_word' id='word_1_271' title='bbox 154 2495 330 2558; x_wconf 76' lang='lat' dir='ltr'><strong>Rr&#39;rrnbortur]</strong></span> <span class='ocrx_word' id='word_1_272' title='bbox 348 2495 392 2547; x_wconf 77' lang='lat' dir='ltr'><strong>Cf.</strong></span> <span class='ocrx_word' id='word_1_273' title='bbox 411 2497 444 2546; x_wconf 86' lang='lat' dir='ltr'><strong>de</strong></span> <span class='ocrx_word' id='word_1_274' title='bbox 458 2497 507 2546; x_wconf 86' lang='lat' dir='ltr'><strong>bae</strong></span> <span class='ocrx_word' id='word_1_275' title='bbox 525 2511 589 2548; x_wconf 86' lang='lat' dir='ltr'><strong>eooe</strong></span> <span class='ocrx_word' id='word_1_276' title='bbox 600 2503 655 2548; x_wconf 89' lang='lat' dir='ltr'><strong>not.</strong></span> <span class='ocrx_word' id='word_1_277' title='bbox 693 2498 761 2546; x_wconf 85' lang='lat' dir='ltr'><strong>catis</strong></span> <span class='ocrx_word' id='word_1_278' title='bbox 771 2495 902 2546; x_wconf 86' lang='lat' dir='ltr'><strong>mentibus</strong></span> <span class='ocrx_word' id='word_1_279' title='bbox 918 2509 1082 2558; x_wconf 82' lang='lat' dir='ltr'><strong>corrnerunt,</strong></span> <span class='ocrx_word' id='word_1_280' title='bbox 1092 2503 1130 2551; x_wconf 91' lang='lat' dir='ltr'><strong>ita</strong></span> <span class='ocrx_word' id='word_1_281' title='bbox 1142 2510 1171 2552; x_wconf 89' lang='lat' dir='ltr'><strong>ut</strong></span> <span class='ocrx_word' id='word_1_282' title='bbox 1181 2505 1223 2554; x_wconf 83' lang='lat' dir='ltr'><strong>rel</strong></span> 
     </span>
     <span class='ocr_line' id='line_1_29' title="bbox 121 2563 1225 2642; baseline 0.005 -21"><span class='ocrx_word' id='word_1_283' title='bbox 121 2580 228 2638; x_wconf 78' lang='lat' dir='ltr'><strong>pateru-</strong></span> <span class='ocrx_word' id='word_1_284' title='bbox 251 2563 395 2622; x_wconf 75' lang='lat' dir='ltr'><strong>ad&#39;l’eoeti</strong></span> <span class='ocrx_word' id='word_1_285' title='bbox 417 2573 516 2637; x_wconf 70' lang='lat' dir='ltr'><strong>Paneg.</strong></span> <span class='ocrx_word' id='word_1_286' title='bbox 538 2587 578 2623; x_wconf 82' lang='lat' dir='ltr'><strong>vr.</strong></span> <span class='ocrx_word' id='word_1_287' title='bbox 597 2577 611 2638; x_wconf 86' lang='lat'>§</span> <span class='ocrx_word' id='word_1_288' title='bbox 628 2577 654 2626; x_wconf 76' lang='lat'><strong>8.</strong></span> <span class='ocrx_word' id='word_1_289' title='bbox 693 2584 741 2632; x_wconf 83' lang='lat' dir='ltr'><strong>per</strong></span> <span class='ocrx_word' id='word_1_290' title='bbox 760 2573 957 2634; x_wconf 71' lang='lat' dir='ltr'><strong>supputationes</strong></span> <span class='ocrx_word' id='word_1_291' title='bbox 976 2575 1077 2634; x_wconf 80' lang='lat' dir='ltr'><strong>noxias,</strong></span> <span class='ocrx_word' id='word_1_292' title='bbox 1094 2591 1153 2642; x_wconf 82' lang='lat' dir='ltr'><strong>quse</strong></span> <span class='ocrx_word' id='word_1_293' title='bbox 1171 2593 1225 2628; x_wconf 89' lang='lat' dir='ltr'><strong>rua-</strong></span> 
     </span>
     <span class='ocr_line' id='line_1_30' title="bbox 120 2647 1223 2716; baseline 0.011 -25"><span class='ocrx_word' id='word_1_294' title='bbox 120 2651 283 2716; x_wconf 66' lang='lat' dir='ltr'><strong>Egfinhmu.</strong></span> <span class='ocrx_word' id='word_1_295' title='bbox 305 2651 361 2702; x_wconf 87' lang='lat' dir='ltr'><strong>Vit.</strong></span> <span class='ocrx_word' id='word_1_296' title='bbox 383 2652 470 2704; x_wconf 61' lang='lat' dir='ltr'><strong>carot.</strong></span> <span class='ocrx_word' id='word_1_297' title='bbox 491 2657 533 2702; x_wconf 70' lang='lat' dir='ltr'><strong>pu,</strong></span> <span class='ocrx_word' id='word_1_298' title='bbox 557 2653 565 2681; x_wconf 79' lang='lat'>⁸</span> <span class='ocrx_word' id='word_1_299' title='bbox 587 2652 654 2702; x_wconf 58' lang='lat' dir='ltr'><strong>gude.</strong></span> <span class='ocrx_word' id='word_1_300' title='bbox 691 2647 1223 2714; x_wconf 81' lang='lat' dir='ltr'><strong>tbeairdioitur‚eerntusrsrumprasacire</strong></span> 
     </span>
    </p>
   </div>
   <div class='ocr_carea' id='block_1_6' title="bbox 117 2722 1223 2866">
    <p class='ocr_par' dir='ltr' id='par_1_7' title="bbox 117 2722 1223 2866">
     <span class='ocr_line' id='line_1_31' title="bbox 119 2722 1223 2788; baseline 0.004 -12"><span class='ocrx_word' id='word_1_301' title='bbox 119 2742 180 2777; x_wconf 88' lang='lat' dir='ltr'><strong>rnrn</strong></span> <span class='ocrx_word' id='word_1_302' title='bbox 197 2727 483 2778; x_wconf 85' lang='lat' dir='ltr'><strong>cnrrumnnriosiraime</strong></span> <span class='ocrx_word' id='word_1_303' title='bbox 494 2727 653 2780; x_wconf 69' lang='lat' dir='ltr'><strong>rimabatur!</strong></span> <span class='ocrx_word' id='word_1_304' title='bbox 692 2737 770 2788; x_wconf 86' lang='lat' dir='ltr'><strong>posse</strong></span> <span class='ocrx_word' id='word_1_305' title='bbox 789 2735 916 2772; x_wconf 82' lang='lat' dir='ltr'><strong>conentur</strong></span> <span class='ocrx_word' id='word_1_306' title='bbox 927 2722 945 2774; x_wconf 73' lang='grc' dir='ltr'><strong>ε’</strong></span> <span class='ocrx_word' id='word_1_307' title='bbox 969 2726 1007 2774; x_wconf 89' lang='lat' dir='ltr'><strong>ita</strong></span> <span class='ocrx_word' id='word_1_308' title='bbox 1024 2727 1091 2776; x_wconf 86' lang='lat' dir='ltr'><strong>euim</strong></span> <span class='ocrx_word' id='word_1_309' title='bbox 1112 2743 1145 2777; x_wconf 86' lang='lat' dir='ltr'><strong>ex</strong></span> <span class='ocrx_word' id='word_1_310' title='bbox 1163 2731 1223 2780; x_wconf 88' lang='lat' dir='ltr'><strong>cod.</strong></span> 
     </span>
     <span class='ocr_line' id='line_1_32' title="bbox 117 2799 1222 2866; baseline 0.005 -16"><span class='ocrx_word' id='word_1_311' title='bbox 117 2805 203 2856; x_wconf 70' lang='grc' dir='ltr'><strong>Μαι.</strong></span> <span class='ocrx_word' id='word_1_312' title='bbox 291 2847 294 2858; x_wconf 93' lang='grc'>,</span> <span class='ocrx_word' id='word_1_313' title='bbox 692 2799 997 2862; x_wconf 70' lang='lat' dir='ltr'><strong>Groniuganolocurert</strong></span> <span class='ocrx_word' id='word_1_314' title='bbox 1011 2803 1146 2866; x_wconf 79' lang='lat' dir='ltr'><strong>legendus.</strong></span> <span class='ocrx_word' id='word_1_315' title='bbox 1159 2819 1222 2857; x_wconf 87' lang='grc' dir='ltr'><strong>ιιιιι.</strong></span> 
     </span>
    </p>
   </div>
   <div class='ocr_carea' id='block_1_7' title="bbox 117 2876 1337 2957">
    <p class='ocr_par' dir='ltr' id='par_1_8' title="bbox 117 2876 1337 2957">
     <span class='ocr_line' id='line_1_33' title="bbox 117 2876 1337 2957; baseline 0 -26"><span class='ocrx_word' id='word_1_316' title='bbox 117 2915 122 2926; x_wconf 89' lang='grc'><strong>.</strong></span> <span class='ocrx_word' id='word_1_317' title='bbox 154 2884 197 2946; x_wconf 72' lang='lat'><strong>§6</strong></span> <span class='ocrx_word' id='word_1_318' title='bbox 213 2881 343 2945; x_wconf 76' lang='lat' dir='ltr'><strong>Adortrn]</strong></span> <span class='ocrx_word' id='word_1_319' title='bbox 360 2879 590 2932; x_wconf 67' lang='lat' dir='ltr'><strong>(insibodrostrn.</strong></span> <span class='ocrx_word' id='word_1_320' title='bbox 607 2882 654 2932; x_wconf 84' lang='lat' dir='ltr'><strong>vt·</strong></span> <span class='ocrx_word' id='word_1_321' title='bbox 692 2879 717 2926; x_wconf 84' lang='grc'><strong>9.</strong></span> <span class='ocrx_word' id='word_1_322' title='bbox 732 2876 1222 2957; x_wconf 77' lang='lat' dir='ltr'><strong>‘Geneseasn&#39;anbourinumpsrdoo-</strong></span> <span class='ocrx_word' id='word_1_323' title='bbox 1330 2897 1337 2914; x_wconf 91' lang='lat'><strong>·</strong></span> 
     </span>
    </p>
   </div>
   <div class='ocr_carea' id='block_1_8' title="bbox 116 2951 1223 3326">
    <p class='ocr_par' dir='ltr' id='par_1_9' title="bbox 116 2951 1223 3326">
     <span class='ocr_line' id='line_1_34' title="bbox 120 2951 1222 3022; baseline 0.006 -22"><span class='ocrx_word' id='word_1_324' title='bbox 120 2961 199 3008; x_wconf 72' lang='lat' dir='ltr'><strong>tim,</strong></span> <span class='ocrx_word' id='word_1_325' title='bbox 217 2958 343 3022; x_wconf 65' lang='lat' dir='ltr'><strong>Virgilius</strong></span> <span class='ocrx_word' id='word_1_326' title='bbox 366 2958 424 3009; x_wconf 79' lang='lat' dir='ltr'><strong>AEn,</strong></span> <span class='ocrx_word' id='word_1_327' title='bbox 447 2971 473 3006; x_wconf 82' lang='lat' dir='ltr'><strong>v.</strong></span> <span class='ocrx_word' id='word_1_328' title='bbox 493 2961 551 3009; x_wconf 64' lang='grc' dir='ltr'><strong>ΘΗ,</strong></span> <span class='ocrx_word' id='word_1_329' title='bbox 574 2958 653 3010; x_wconf 63' lang='lat' dir='ltr'><strong>‘Cla-</strong></span> <span class='ocrx_word' id='word_1_330' title='bbox 691 2951 775 3002; x_wconf 68' lang='lat' dir='ltr'><strong>decim</strong></span> <span class='ocrx_word' id='word_1_331' title='bbox 797 2951 855 3001; x_wconf 61' lang='lat' dir='ltr'><strong>celi</strong></span> <span class='ocrx_word' id='word_1_332' title='bbox 877 2953 951 3017; x_wconf 73' lang='lat' dir='ltr'><strong>sigua</strong></span> <span class='ocrx_word' id='word_1_333' title='bbox 972 2954 1134 3017; x_wconf 85' lang='lat' dir='ltr'><strong>describunt,</strong></span> <span class='ocrx_word' id='word_1_334' title='bbox 1154 2958 1222 3007; x_wconf 73' lang='lat' dir='ltr'><strong>aide·</strong></span> 
     </span>
     <span class='ocr_line' id='line_1_35' title="bbox 116 3032 1221 3099; baseline -0.001 -15"><span class='ocrx_word' id='word_1_335' title='bbox 116 3049 235 3098; x_wconf 17' lang='lat' dir='ltr'><strong>‘rumque</strong></span> <span class='ocrx_word' id='word_1_336' title='bbox 249 3034 350 3084; x_wconf 80' lang='lat' dir='ltr'><strong>adfixus</strong></span> <span class='ocrx_word' id='word_1_337' title='bbox 361 3042 390 3085; x_wconf 87' lang='lat' dir='ltr'><strong>et</strong></span> <span class='ocrx_word' id='word_1_338' title='bbox 406 3035 507 3084; x_wconf 78' lang='lat' dir='ltr'><strong>broseus</strong></span> <span class='ocrx_word' id='word_1_339' title='bbox 520 3033 652 3099; x_wconf 72' lang='lat' dir='ltr'><strong>Nusquam</strong></span> <span class='ocrx_word' id='word_1_340' title='bbox 691 3042 800 3094; x_wconf 84' lang='lat' dir='ltr'><strong>rumque</strong></span> <span class='ocrx_word' id='word_1_341' title='bbox 811 3043 887 3078; x_wconf 85' lang='lat' dir='ltr'><strong>corso</strong></span> <span class='ocrx_word' id='word_1_342' title='bbox 899 3032 1060 3081; x_wconf 81' lang='lat' dir='ltr'><strong>nascentium</strong></span> <span class='ocrx_word' id='word_1_343' title='bbox 1072 3047 1166 3090; x_wconf 88' lang='lat' dir='ltr'><strong>mores,</strong></span> <span class='ocrx_word' id='word_1_344' title='bbox 1178 3049 1221 3084; x_wconf 83' lang='lat' dir='ltr'><strong>ao·</strong></span> 
     </span>
     <span class='ocr_line' id='line_1_36' title="bbox 118 3105 1223 3176; baseline -0.004 -14"><span class='ocrx_word' id='word_1_345' title='bbox 118 3111 269 3174; x_wconf 83' lang='lat' dir='ltr'><strong>amittebat,</strong></span> <span class='ocrx_word' id='word_1_346' title='bbox 287 3114 426 3176; x_wconf 86' lang='lat' dir='ltr'><strong>oculosque</strong></span> <span class='ocrx_word' id='word_1_347' title='bbox 443 3111 476 3160; x_wconf 89' lang='lat' dir='ltr'><strong>ad</strong></span> <span class='ocrx_word' id='word_1_348' title='bbox 493 3119 563 3162; x_wconf 85' lang='lat' dir='ltr'><strong>astra</strong></span> <span class='ocrx_word' id='word_1_349' title='bbox 580 3122 653 3162; x_wconf 77' lang='lat' dir='ltr'><strong>reuu-</strong></span> <span class='ocrx_word' id='word_1_350' title='bbox 691 3112 745 3167; x_wconf 87' lang='lat' dir='ltr'><strong>tus,</strong></span> <span class='ocrx_word' id='word_1_351' title='bbox 761 3112 790 3156; x_wconf 87' lang='lat' dir='ltr'><strong>et</strong></span> <span class='ocrx_word' id='word_1_352' title='bbox 803 3113 900 3154; x_wconf 82' lang='lat' dir='ltr'><strong>etanta</strong></span> <span class='ocrx_word' id='word_1_353' title='bbox 915 3105 967 3171; x_wconf 88' lang='lat' dir='ltr'><strong>(ita</strong></span> <span class='ocrx_word' id='word_1_354' title='bbox 987 3117 1060 3158; x_wconf 85' lang='lat' dir='ltr'><strong>recte</strong></span> <span class='ocrx_word' id='word_1_355' title='bbox 1077 3107 1145 3158; x_wconf 83' lang='lat' dir='ltr'><strong>idenr</strong></span> <span class='ocrx_word' id='word_1_356' title='bbox 1163 3110 1223 3160; x_wconf 87' lang='lat' dir='ltr'><strong>cod.</strong></span> 
     </span>
     <span class='ocr_line' id='line_1_37' title="bbox 117 3173 1221 3251; baseline -0.005 -11"><span class='ocrx_word' id='word_1_357' title='bbox 117 3187 182 3240; x_wconf 80' lang='lat' dir='ltr'><strong>bat-¹</strong></span> <span class='ocrx_word' id='word_1_358' title='bbox 207 3201 235 3242; x_wconf 84' lang='grc' dir='ltr'><strong>ι..</strong></span> <span class='ocrx_word' id='word_1_359' title='bbox 259 3192 316 3238; x_wconf 73' lang='lat'>8³8.</span> <span class='ocrx_word' id='word_1_360' title='bbox 343 3190 355 3240; x_wconf 78' lang='lat'><strong>⁴,</strong></span> <span class='ocrx_word' id='word_1_361' title='bbox 370 3188 423 3242; x_wconf 77' lang='lat' dir='ltr'><strong>Qut</strong></span> <span class='ocrx_word' id='word_1_362' title='bbox 449 3186 550 3251; x_wconf 84' lang='lat' dir='ltr'><strong>Libyco</strong></span> <span class='ocrx_word' id='word_1_363' title='bbox 570 3203 653 3251; x_wconf 90' lang='lat' dir='ltr'><strong>nuper</strong></span> <span class='ocrx_word' id='word_1_364' title='bbox 690 3173 742 3246; x_wconf 84' lang='lat' dir='ltr'><strong>no&#39;n</strong></span> <span class='ocrx_word' id='word_1_365' title='bbox 760 3181 910 3246; x_wconf 79' lang='lat' dir='ltr'><strong>‘evcntoa’)</strong></span> <span class='ocrx_word' id='word_1_366' title='bbox 926 3185 1069 3250; x_wconf 73' lang='lat' dir='ltr'><strong>predicare</strong></span> <span class='ocrx_word' id='word_1_367' title='bbox 1086 3194 1221 3238; x_wconf 86' lang='lat' dir='ltr'><strong>conantur.</strong></span> 
     </span>
     <span class='ocr_line' id='line_1_38' title="bbox 116 3258 1221 3326; baseline -0.001 -11"><span class='ocrx_word' id='word_1_368' title='bbox 116 3279 210 3321; x_wconf 84' lang='lat' dir='ltr'><strong>curru,</strong></span> <span class='ocrx_word' id='word_1_369' title='bbox 226 3265 287 3314; x_wconf 88' lang='lat' dir='ltr'><strong>doru</strong></span> <span class='ocrx_word' id='word_1_370' title='bbox 299 3265 384 3314; x_wconf 84' lang='lat' dir='ltr'><strong>sidera</strong></span> <span class='ocrx_word' id='word_1_371' title='bbox 394 3269 491 3320; x_wconf 84' lang='lat' dir='ltr'><strong>serrat,</strong></span> <span class='ocrx_word' id='word_1_372' title='bbox 508 3264 653 3315; x_wconf 75' lang='lat' dir='ltr'><strong>Exciderat</strong></span> <span class='ocrx_word' id='word_1_373' title='bbox 690 3289 755 3312; x_wconf 89' lang='grc'><strong>....</strong></span> <span class='ocrx_word' id='word_1_374' title='bbox 777 3258 815 3310; x_wconf 86' lang='lat' dir='ltr'><strong>Hi</strong></span> <span class='ocrx_word' id='word_1_375' title='bbox 832 3269 902 3322; x_wconf 84' lang='lat' dir='ltr'><strong>suut,</strong></span> <span class='ocrx_word' id='word_1_376' title='bbox 917 3261 961 3326; x_wconf 93' lang='lat' dir='ltr'><strong>qui</strong></span> <span class='ocrx_word' id='word_1_377' title='bbox 985 3263 1060 3325; x_wconf 72' lang='lat' dir='ltr'><strong>vulgo</strong></span> <span class='ocrx_word' id='word_1_378' title='bbox 1080 3264 1221 3314; x_wconf 86' lang='lat' dir='ltr'><strong>matbema-</strong></span> 
     </span>
    </p>
   </div>
   <div class='ocr_carea' id='block_1_9' title="bbox 116 3335 1327 3408">
    <p class='ocr_par' dir='ltr' id='par_1_10' title="bbox 116 3335 1327 3408">
     <span class='ocr_line' id='line_1_39' title="bbox 116 3335 1327 3408; baseline 0.001 -16"><span class='ocrx_word' id='word_1_379' title='bbox 116 3341 229 3408; x_wconf 60' lang='lat' dir='ltr'><strong>puppi)</strong></span> <span class='ocrx_word' id='word_1_380' title='bbox 261 3343 393 3394; x_wconf 81' lang='lat' dir='ltr'><strong>Minucios</strong></span> <span class='ocrx_word' id='word_1_381' title='bbox 416 3343 470 3392; x_wconf 83' lang='lat' dir='ltr'><strong>Fcl.</strong></span> <span class='ocrx_word' id='word_1_382' title='bbox 494 3341 589 3392; x_wconf 79' lang='lat' dir='ltr'><strong>Oetes.</strong></span> <span class='ocrx_word' id='word_1_383' title='bbox 612 3345 651 3392; x_wconf 82' lang='lat' dir='ltr'><strong>tt.</strong></span> <span class='ocrx_word' id='word_1_384' title='bbox 690 3335 737 3386; x_wconf 91' lang='lat' dir='ltr'><strong>tici</strong></span> <span class='ocrx_word' id='word_1_385' title='bbox 764 3344 898 3393; x_wconf 82' lang='lat' dir='ltr'><strong>vocantur,</strong></span> <span class='ocrx_word' id='word_1_386' title='bbox 926 3338 1000 3402; x_wconf 87' lang='lat' dir='ltr'><strong>cnjus</strong></span> <span class='ocrx_word' id='word_1_387' title='bbox 1027 3341 1220 3402; x_wconf 82' lang='lat' dir='ltr'><strong>superstitionis</strong></span> <span class='ocrx_word' id='word_1_388' title='bbox 1323 3385 1327 3404; x_wconf 88' lang='grc'>,</span> 
     </span>
    </p>
   </div>
   <div class='ocr_carea' id='block_1_10' title="bbox 112 3414 1221 4328">
    <p class='ocr_par' dir='ltr' id='par_1_11' title="bbox 112 3414 1221 4328">
     <span class='ocr_line' id='line_1_40' title="bbox 117 3414 1221 3484; baseline 0.012 -28"><span class='ocrx_word' id='word_1_389' title='bbox 117 3419 208 3484; x_wconf 58' lang='lat' dir='ltr'><strong>‘qumi</strong></span> <span class='ocrx_word' id='word_1_390' title='bbox 220 3417 335 3484; x_wconf 56' lang='lat' dir='ltr'><strong>(fidem)</strong></span> <span class='ocrx_word' id='word_1_391' title='bbox 352 3425 445 3482; x_wconf 52' lang='grc' dir='ltr'><strong>,φης</strong></span> <span class='ocrx_word' id='word_1_392' title='bbox 462 3431 564 3467; x_wconf 62' lang='lat' dir='ltr'><strong>omum</strong></span> <span class='ocrx_word' id='word_1_393' title='bbox 579 3418 651 3466; x_wconf 63' lang='lat' dir='ltr'><strong>navt.</strong></span> <span class='ocrx_word' id='word_1_394' title='bbox 690 3427 771 3476; x_wconf 77' lang='lat' dir='ltr'><strong>genua</strong></span> <span class='ocrx_word' id='word_1_395' title='bbox 782 3414 992 3464; x_wconf 76' lang='lat' dir='ltr'><strong>constellationes</strong></span> <span class='ocrx_word' id='word_1_396' title='bbox 1007 3417 1092 3466; x_wconf 78' lang='lat' dir='ltr'><strong>belini</strong></span> <span class='ocrx_word' id='word_1_397' title='bbox 1108 3418 1221 3470; x_wconf 68' lang='lat' dir='ltr'><strong>vocent!</strong></span> 
     </span>
     <span class='ocr_line' id='line_1_41' title="bbox 116 3487 777 3558; baseline -0.011 -14"><span class='ocrx_word' id='word_1_398' title='bbox 116 3494 220 3558; x_wconf 45' lang='lat' dir='ltr'><strong>gandi?</strong></span> <span class='ocrx_word' id='word_1_399' title='bbox 232 3495 276 3544; x_wconf 86' lang='lat' dir='ltr'><strong>ubi</strong></span> <span class='ocrx_word' id='word_1_400' title='bbox 287 3493 385 3544; x_wconf 82' lang='lat' dir='ltr'><strong>irnrtra</strong></span> <span class='ocrx_word' id='word_1_401' title='bbox 395 3502 403 3524; x_wconf 84' lang='lat'>‘</span> <span class='ocrx_word' id='word_1_402' title='bbox 415 3491 556 3556; x_wconf 86' lang='lat' dir='ltr'><strong>quomodo’</strong></span> <span class='ocrx_word' id='word_1_403' title='bbox 565 3499 651 3542; x_wconf 83' lang='lat' dir='ltr'><strong>eursu-</strong></span> <span class='ocrx_word' id='word_1_404' title='bbox 688 3487 777 3538; x_wconf 73' lang='lat' dir='ltr'><strong>Arno.</strong></span> 
     </span>
     <span class='ocr_line' id='line_1_42' title="bbox 116 3565 1220 3632; baseline -0.001 -12"><span class='ocrx_word' id='word_1_405' title='bbox 116 3571 166 3620; x_wconf 87' lang='lat' dir='ltr'><strong>dat</strong></span> <span class='ocrx_word' id='word_1_406' title='bbox 182 3570 290 3621; x_wconf 78' lang='lat' dir='ltr'><strong>crusina</strong></span> <span class='ocrx_word' id='word_1_407' title='bbox 301 3570 382 3620; x_wconf 85' lang='lat' dir='ltr'><strong>Prob.</strong></span> <span class='ocrx_word' id='word_1_408' title='bbox 393 3569 485 3618; x_wconf 80' lang='lat' dir='ltr'><strong>critic.</strong></span> <span class='ocrx_word' id='word_1_409' title='bbox 496 3583 522 3631; x_wconf 93' lang='lat' dir='ltr'><strong>p.</strong></span> <span class='ocrx_word' id='word_1_410' title='bbox 534 3571 576 3618; x_wconf 84' lang='grc'><strong>69.</strong></span> <span class='ocrx_word' id='word_1_411' title='bbox 594 3567 651 3632; x_wconf 81' lang='lat' dir='ltr'><strong>Hy·</strong></span> <span class='ocrx_word' id='word_1_412' title='bbox 722 3565 825 3614; x_wconf 76' lang='lat' dir='ltr'><strong>Ratione</strong></span> <span class='ocrx_word' id='word_1_413' title='bbox 842 3565 945 3628; x_wconf 70' lang='lat' dir='ltr'><strong>missis]</strong></span> <span class='ocrx_word' id='word_1_414' title='bbox 963 3565 1040 3628; x_wconf 79' lang='lat' dir='ltr'><strong>Arte,</strong></span> <span class='ocrx_word' id='word_1_415' title='bbox 1062 3576 1090 3618; x_wconf 91' lang='lat' dir='ltr'><strong>et</strong></span> <span class='ocrx_word' id='word_1_416' title='bbox 1110 3569 1220 3620; x_wconf 81' lang='lat' dir='ltr'><strong>scientia</strong></span> 
     </span>
     <span class='ocr_line' id='line_1_43' title="bbox 117 3641 1219 3710; baseline 0.001 -15"><span class='ocrx_word' id='word_1_417' title='bbox 117 3646 172 3710; x_wconf 77' lang='lat' dir='ltr'><strong>gin.</strong></span> <span class='ocrx_word' id='word_1_418' title='bbox 184 3645 261 3695; x_wconf 79' lang='lat' dir='ltr'><strong>Poir&#39;t.</strong></span> <span class='ocrx_word' id='word_1_419' title='bbox 272 3644 378 3696; x_wconf 81' lang='lat' dir='ltr'><strong>Astron.</strong></span> <span class='ocrx_word' id='word_1_420' title='bbox 389 3660 414 3709; x_wconf 86' lang='lat' dir='ltr'><strong>p·</strong></span> <span class='ocrx_word' id='word_1_421' title='bbox 425 3649 482 3694; x_wconf 75' lang='lat'><strong>⁴2³.</strong></span> <span class='ocrx_word' id='word_1_422' title='bbox 499 3644 573 3694; x_wconf 81' lang='lat' dir='ltr'><strong>idem.</strong></span> <span class='ocrx_word' id='word_1_423' title='bbox 689 3641 870 3690; x_wconf 83' lang='lat' dir='ltr'><strong>ertrouoruico.</strong></span> <span class='ocrx_word' id='word_1_424' title='bbox 903 3642 947 3692; x_wconf 88' lang='lat' dir='ltr'><strong>Sic</strong></span> <span class='ocrx_word' id='word_1_425' title='bbox 961 3643 1054 3693; x_wconf 83' lang='lat' dir='ltr'><strong>Cicero</strong></span> <span class='ocrx_word' id='word_1_426' title='bbox 1070 3645 1104 3694; x_wconf 88' lang='lat' dir='ltr'><strong>de</strong></span> <span class='ocrx_word' id='word_1_427' title='bbox 1116 3645 1219 3696; x_wconf 78' lang='lat' dir='ltr'><strong>Iuvent-</strong></span> 
     </span>
     <span class='ocr_line' id='line_1_44' title="bbox 144 3717 1218 3790; baseline 0.003 -19"><span class='ocrx_word' id='word_1_428' title='bbox 144 3719 428 3783; x_wconf 82' lang='lat' dir='ltr'><strong>Stsllorrrasaomiaibur]</strong></span> <span class='ocrx_word' id='word_1_429' title='bbox 438 3718 595 3772; x_wconf 81' lang='lat' dir='ltr'><strong>Quiestellae</strong></span> <span class='ocrx_word' id='word_1_430' title='bbox 603 3734 653 3790; x_wconf 82' lang='grc' dir='ltr'><strong>ιιιιΙ</strong></span> <span class='ocrx_word' id='word_1_431' title='bbox 685 3729 708 3774; x_wconf 86' lang='grc' dir='ltr'><strong>ι.</strong></span> <span class='ocrx_word' id='word_1_432' title='bbox 720 3723 746 3766; x_wconf 81' lang='grc'><strong>5.</strong></span> <span class='ocrx_word' id='word_1_433' title='bbox 758 3717 766 3744; x_wconf 90' lang='lat'>‘</span> <span class='ocrx_word' id='word_1_434' title='bbox 777 3717 878 3768; x_wconf 83' lang='lat' dir='ltr'><strong>civilem</strong></span> <span class='ocrx_word' id='word_1_435' title='bbox 894 3719 1032 3768; x_wconf 84' lang='lat' dir='ltr'><strong>rationem’</strong></span> <span class='ocrx_word' id='word_1_436' title='bbox 1046 3730 1132 3784; x_wconf 83' lang='lat' dir='ltr'><strong>vocet,</strong></span> <span class='ocrx_word' id='word_1_437' title='bbox 1141 3737 1218 3788; x_wconf 89' lang='lat' dir='ltr'><strong>quam</strong></span> 
     </span>
     <span class='ocr_line' id='line_1_45' title="bbox 116 3793 1219 3862; baseline 0.002 -14"><span class='ocrx_word' id='word_1_438' title='bbox 116 3797 223 3848; x_wconf 86' lang='lat' dir='ltr'><strong>nomina</strong></span> <span class='ocrx_word' id='word_1_439' title='bbox 234 3812 251 3845; x_wconf 87' lang='lat' dir='ltr'><strong>a</strong></span> <span class='ocrx_word' id='word_1_440' title='bbox 263 3797 319 3846; x_wconf 83' lang='lat' dir='ltr'><strong>Diis</strong></span> <span class='ocrx_word' id='word_1_441' title='bbox 336 3798 378 3846; x_wconf 82' lang='lat' dir='ltr'><strong>ecl</strong></span> <span class='ocrx_word' id='word_1_442' title='bbox 391 3795 546 3857; x_wconf 83' lang='lat' dir='ltr'><strong>bominibus,</strong></span> <span class='ocrx_word' id='word_1_443' title='bbox 564 3811 595 3846; x_wconf 83' lang='lat' dir='ltr'><strong>ac</strong></span> <span class='ocrx_word' id='word_1_444' title='bbox 610 3811 649 3846; x_wconf 84' lang='lat' dir='ltr'><strong>re·</strong></span> <span class='ocrx_word' id='word_1_445' title='bbox 687 3793 775 3856; x_wconf 87' lang='lat' dir='ltr'><strong>paullo</strong></span> <span class='ocrx_word' id='word_1_446' title='bbox 786 3801 845 3857; x_wconf 88' lang='lat' dir='ltr'><strong>post</strong></span> <span class='ocrx_word' id='word_1_447' title='bbox 856 3795 865 3822; x_wconf 88' lang='lat'>‘</span> <span class='ocrx_word' id='word_1_448' title='bbox 876 3793 979 3844; x_wconf 81' lang='lat' dir='ltr'><strong>uirilem</strong></span> <span class='ocrx_word' id='word_1_449' title='bbox 990 3795 1142 3862; x_wconf 80' lang='lat' dir='ltr'><strong>roie‘otiuur,&#39;</strong></span> <span class='ocrx_word' id='word_1_450' title='bbox 1154 3801 1219 3862; x_wconf 91' lang='lat' dir='ltr'><strong>poli·</strong></span> 
     </span>
     <span class='ocr_line' id='line_1_46' title="bbox 116 3868 1218 3936; baseline 0.002 -10"><span class='ocrx_word' id='word_1_451' title='bbox 116 3874 175 3930; x_wconf 84' lang='lat' dir='ltr'><strong>bne,</strong></span> <span class='ocrx_word' id='word_1_452' title='bbox 201 3888 261 3924; x_wconf 92' lang='lat' dir='ltr'><strong>cnm</strong></span> <span class='ocrx_word' id='word_1_453' title='bbox 285 3872 388 3934; x_wconf 80' lang='lat' dir='ltr'><strong>fabulis,</strong></span> <span class='ocrx_word' id='word_1_454' title='bbox 413 3887 444 3924; x_wconf 86' lang='lat' dir='ltr'><strong>ac</strong></span> <span class='ocrx_word' id='word_1_455' title='bbox 464 3873 649 3936; x_wconf 84' lang='lat' dir='ltr'><strong>superrtitioue</strong></span> <span class='ocrx_word' id='word_1_456' title='bbox 687 3870 775 3925; x_wconf 83' lang='lat' dir='ltr'><strong>ticam.</strong></span> <span class='ocrx_word' id='word_1_457' title='bbox 791 3868 865 3918; x_wconf 79' lang='lat' dir='ltr'><strong>dicit·</strong></span> <span class='ocrx_word' id='word_1_458' title='bbox 881 3871 975 3932; x_wconf 74' lang='lat' dir='ltr'><strong>Joeger.</strong></span> <span class='ocrx_word' id='word_1_459' title='bbox 1007 3872 1218 3928; x_wconf 75' lang='lat' dir='ltr'><strong>doenusaresb.</strong></span> 
     </span>
     <span class='ocr_line' id='line_1_47' title="bbox 114 3945 1217 4018; baseline -0.002 -20"><span class='ocrx_word' id='word_1_460' title='bbox 114 3949 232 4014; x_wconf 75' lang='lat' dir='ltr'><strong>gentium</strong></span> <span class='ocrx_word' id='word_1_461' title='bbox 261 3947 416 4012; x_wconf 82' lang='lat' dir='ltr'><strong>conjunctis,</strong></span> <span class='ocrx_word' id='word_1_462' title='bbox 436 3957 582 3998; x_wconf 75' lang='lat' dir='ltr'><strong>traxerunt.</strong></span> <span class='ocrx_word' id='word_1_463' title='bbox 595 3949 650 4018; x_wconf 60' lang='grc' dir='ltr'><strong>ιιι·Ι</strong></span> <span class='ocrx_word' id='word_1_464' title='bbox 686 3945 784 3996; x_wconf 87' lang='lat' dir='ltr'><strong>Polior.</strong></span> <span class='ocrx_word' id='word_1_465' title='bbox 801 3959 833 3996; x_wconf 90' lang='grc' dir='ltr'><strong>ιι.</strong></span> <span class='ocrx_word' id='word_1_466' title='bbox 846 3951 887 3996; x_wconf 84' lang='grc'><strong>18.</strong></span> <span class='ocrx_word' id='word_1_467' title='bbox 902 3948 928 3996; x_wconf 87' lang='grc' dir='ltr'><strong>ιιι</strong></span> <span class='ocrx_word' id='word_1_468' title='bbox 939 3947 984 3997; x_wconf 85' lang='lat' dir='ltr'><strong>fin.</strong></span> <span class='ocrx_word' id='word_1_469' title='bbox 1000 3951 1171 4017; x_wconf 78' lang='lat' dir='ltr'><strong>‘motumque</strong></span> <span class='ocrx_word' id='word_1_470' title='bbox 1182 3958 1217 4004; x_wconf 67' lang='lat' dir='ltr'><strong>pt.</strong></span> 
     </span>
     <span class='ocr_line' id='line_1_48' title="bbox 112 4019 1217 4089; baseline 0.005 -14"><span class='ocrx_word' id='word_1_471' title='bbox 112 4039 168 4087; x_wconf 66' lang='lat' dir='ltr'><strong>ger.</strong></span> <span class='ocrx_word' id='word_1_472' title='bbox 202 4024 268 4074; x_wconf 85' lang='lat' dir='ltr'><strong>Mihi</strong></span> <span class='ocrx_word' id='word_1_473' title='bbox 285 4025 369 4088; x_wconf 87' lang='lat' dir='ltr'><strong>potior</strong></span> <span class='ocrx_word' id='word_1_474' title='bbox 385 4024 451 4074; x_wconf 84' lang='lat' dir='ltr'><strong>rotie</strong></span> <span class='ocrx_word' id='word_1_475' title='bbox 468 4025 649 4087; x_wconf 82' lang='lat' dir='ltr'><strong>esscridatur‚</strong></span> <span class='ocrx_word' id='word_1_476' title='bbox 686 4019 789 4085; x_wconf 83' lang='lat' dir='ltr'><strong>derum,&#39;</strong></span> <span class='ocrx_word' id='word_1_477' title='bbox 804 4022 980 4088; x_wconf 69' lang='lat' dir='ltr'><strong>rationemque</strong></span> <span class='ocrx_word' id='word_1_478' title='bbox 998 4025 1127 4089; x_wconf 75' lang='lat' dir='ltr'><strong>signorum</strong></span> <span class='ocrx_word' id='word_1_479' title='bbox 1147 4031 1217 4080; x_wconf 80' lang='lat' dir='ltr'><strong>rire·</strong></span> 
     </span>
     <span class='ocr_line' id='line_1_49' title="bbox 114 4093 1216 4171; baseline 0.005 -21"><span class='ocrx_word' id='word_1_480' title='bbox 114 4115 150 4171; x_wconf 78' lang='lat' dir='ltr'><strong>ne</strong></span> <span class='ocrx_word' id='word_1_481' title='bbox 168 4093 260 4158; x_wconf 74' lang='lat' dir='ltr'><strong>iretur,</strong></span> <span class='ocrx_word' id='word_1_482' title='bbox 275 4115 309 4150; x_wconf 82' lang='lat' dir='ltr'><strong>ea</strong></span> <span class='ocrx_word' id='word_1_483' title='bbox 327 4100 419 4164; x_wconf 87' lang='lat' dir='ltr'><strong>quibua</strong></span> <span class='ocrx_word' id='word_1_484' title='bbox 433 4115 523 4159; x_wconf 84' lang='lat' dir='ltr'><strong>cursus</strong></span> <span class='ocrx_word' id='word_1_485' title='bbox 534 4101 574 4148; x_wconf 88' lang='lat' dir='ltr'><strong>sni</strong></span> <span class='ocrx_word' id='word_1_486' title='bbox 585 4101 648 4150; x_wconf 87' lang='lat' dir='ltr'><strong>reti·</strong></span> <span class='ocrx_word' id='word_1_487' title='bbox 685 4098 752 4148; x_wconf 87' lang='lat' dir='ltr'><strong>citer</strong></span> <span class='ocrx_word' id='word_1_488' title='bbox 763 4097 940 4162; x_wconf 77' lang='lat' dir='ltr'><strong>adsequuntur</strong></span> <span class='ocrx_word' id='word_1_489' title='bbox 948 4100 966 4148; x_wconf 83' lang='lat' dir='ltr'><strong>r&#39;</strong></span> <span class='ocrx_word' id='word_1_490' title='bbox 979 4101 1022 4150; x_wconf 95' lang='lat' dir='ltr'><strong>ubi</strong></span> <span class='ocrx_word' id='word_1_491' title='bbox 1034 4106 1042 4130; x_wconf 88' lang='lat'>‘</span> <span class='ocrx_word' id='word_1_492' title='bbox 1054 4104 1132 4154; x_wconf 83' lang='lat' dir='ltr'><strong>ratio&#39;</strong></span> <span class='ocrx_word' id='word_1_493' title='bbox 1142 4118 1216 4158; x_wconf 83' lang='lat' dir='ltr'><strong>cuna-</strong></span> 
     </span>
     <span class='ocr_line' id='line_1_50' title="bbox 115 4173 1215 4242; baseline 0.005 -14"><span class='ocrx_word' id='word_1_494' title='bbox 115 4191 192 4228; x_wconf 83' lang='lat' dir='ltr'><strong>oncnr</strong></span> <span class='ocrx_word' id='word_1_495' title='bbox 205 4185 337 4242; x_wconf 83' lang='lat' dir='ltr'><strong>peterent,</strong></span> <span class='ocrx_word' id='word_1_496' title='bbox 347 4175 517 4238; x_wconf 73' lang='lat' dir='ltr'><strong>nominandis,</strong></span> <span class='ocrx_word' id='word_1_497' title='bbox 532 4176 560 4226; x_wconf 91' lang='lat' dir='ltr'><strong>in</strong></span> <span class='ocrx_word' id='word_1_498' title='bbox 577 4175 647 4226; x_wconf 85' lang='lat' dir='ltr'><strong>dam-</strong></span> <span class='ocrx_word' id='word_1_499' title='bbox 684 4188 738 4223; x_wconf 87' lang='lat' dir='ltr'><strong>rem</strong></span> <span class='ocrx_word' id='word_1_500' title='bbox 749 4182 841 4224; x_wconf 88' lang='lat' dir='ltr'><strong>notare</strong></span> <span class='ocrx_word' id='word_1_501' title='bbox 853 4173 965 4241; x_wconf 80' lang='lat' dir='ltr'><strong>ridetur,</strong></span> <span class='ocrx_word' id='word_1_502' title='bbox 977 4192 1058 4242; x_wconf 86' lang='lat' dir='ltr'><strong>quare</strong></span> <span class='ocrx_word' id='word_1_503' title='bbox 1074 4180 1160 4232; x_wconf 86' lang='lat' dir='ltr'><strong>sidera</strong></span> <span class='ocrx_word' id='word_1_504' title='bbox 1177 4183 1215 4234; x_wconf 88' lang='lat' dir='ltr'><strong>ita</strong></span> 
     </span>
     <span class='ocr_line' id='line_1_51' title="bbox 113 4243 1215 4328; baseline -0.005 -23"><span class='ocrx_word' id='word_1_505' title='bbox 113 4260 184 4323; x_wconf 79' lang='lat' dir='ltr'><strong>pato</strong></span> <span class='ocrx_word' id='word_1_506' title='bbox 206 4253 354 4308; x_wconf 81' lang='lat' dir='ltr'><strong>matheseos</strong></span> <span class='ocrx_word' id='word_1_507' title='bbox 380 4252 554 4320; x_wconf 80' lang='lat' dir='ltr'><strong>suspicionem</strong></span> <span class='ocrx_word' id='word_1_508' title='bbox 575 4243 651 4304; x_wconf 62' lang='lat' dir='ltr'><strong>veni-⁴</strong></span> <span class='ocrx_word' id='word_1_509' title='bbox 684 4258 846 4328; x_wconf 81' lang='lat' dir='ltr'><strong>moveantur,</strong></span> <span class='ocrx_word' id='word_1_510' title='bbox 868 4258 896 4304; x_wconf 84' lang='lat' dir='ltr'><strong>et</strong></span> <span class='ocrx_word' id='word_1_511' title='bbox 915 4267 949 4304; x_wconf 81' lang='lat' dir='ltr'><strong>en</strong></span> <span class='ocrx_word' id='word_1_512' title='bbox 971 4251 1031 4322; x_wconf 76' lang='lat' dir='ltr'><strong>qna,</strong></span> <span class='ocrx_word' id='word_1_513' title='bbox 1053 4255 1115 4322; x_wconf 81' lang='lat' dir='ltr'><strong>quid</strong></span> <span class='ocrx_word' id='word_1_514' title='bbox 1136 4272 1215 4313; x_wconf 75' lang='lat' dir='ltr'><strong>eteu-</strong></span> 
     </span>
    </p>
   </div>
   <div class='ocr_carea' id='block_1_11' title="bbox 0 0 1478 4852">
    <p class='ocr_par' dir='ltr' id='par_1_12' title="bbox 0 0 1478 4852">
     <span class='ocr_line' id='line_1_52' title="bbox 0 0 1478 4852; baseline 0 6"><span class='ocrx_word' id='word_1_515' title='bbox 0 0 1478 4852; x_wconf 95' lang='lat' dir='ltr'><strong> </strong></span> 
     </span>
    </p>
   </div>
  </div>
 </body>
</html>
