2888 4844
406 387 447 436 ra
472 387 607 436 nentur
633 385 772 438 naoanr
796 387 935 437 nanae.
1128 371 1217 439 2453

162 535 289 584 Pluentarrr
306 529 404 601 ιιιςιιι]
426 533 491 583 Mor
513 531 548 584 de
568 533 649 583 tnedi·
685 533 749 592 tius.

118 611 158 660 eis
174 612 295 676 loquetur
305 611 404 661 multis.
437 609 499 660 Ulla
510 625 572 661 reru
584 611 651 674 uulgi
715 609 851 674 Aliquando
867 609 988 660 ampullis
1002 609 1125 674 gentitus]
1141 611 1216 662 Men,-

117 688 161 738 lsic
181 689 279 738 mantio
300 688 365 738 nilril
383 687 471 745 habet,
491 688 560 752 quod
581 695 650 752 agat.
685 684 773 735 doram
786 687 1051 737 vocemnntatratio.
1078 687 1216 740 Rationem·

117 765 263 828 Quareegc
272 763 446 813 reducendum
454 763 572 825 arbitror,
580 763 649 828 quod
679 762 773 826 jurant
784 763 854 823 libri,
866 765 909 828 qui
919 765 998 827 aliquo
1010 773 1146 827 reponunt·
1180 766 1218 816 At

116 838 202 891 doctis
223 839 331 902 placuit,
348 840 444 895 selues,
468 842 509 889 rel
529 840 649 902 quonlam
684 839 758 888 nobis
775 855 825 888 non
845 848 887 890 eet
903 839 1008 889 dubium
1025 841 1147 904 aliquanto
1158 842 1218 890 reli·

114 915 166 966 hoe
177 914 247 966 inira
258 917 485 967 nominaturalene.
519 917 595 969 Quod
607 931 650 967 ve·
685 916 769 980 quisse
788 916 924 978 Pacatum,
939 917 989 965 hoc
1003 924 1054 980 eat,
1072 917 1171 981 aliquot,
1189 923 1218 968 ut

116 1006 147 1042 ro
159 1001 252 1044 acutus
263 993 377 1059 alioquin
389 994 520 1044 Liuineius
530 994 650 1044 Latinum
685 1008 749 1044 voce
762 1009 793 1043 ea
804 994 899 1044 cadens
919 993 1046 1044 Latinitas
1061 1001 1102 1044 est
1119 1007 1173 1051 usa,
1186 994 1218 1044 li·

114 1073 309 1120 nonessealens
317 1073 411 1134 pmenm
424 1070 529 1127 inierat,
541 1070 650 1120 liomiuie
686 1079 729 1122 cet
752 1071 785 1120 de
808 1087 915 1122 numero
938 1086 989 1121 uon
1012 1085 1093 1136 parvo
1113 1072 1218 1135 saepius.
1326 1082 1334 1102 ⁵

115 1143 186 1200 bene
205 1146 291 1196 meriti
309 1145 342 1196 de
353 1147 454 1210 republ.
469 1148 556 1210 gratia
568 1157 651 1198 traus-
686 1149 794 1198 Orosius
813 1161 857 1197 ιιι.
874 1152 914 1196 1a.
931 1148 1019 1198 ‘Hac
1031 1161 1089 1197 cum
1105 1161 1154 1211 per
1172 1148 1220 1197 ali·

113 1221 220 1287 ibimus,
233 1225 350 1274 contenti
368 1225 496 1274 monuisse
510 1224 651 1288 poitieote·
686 1226 795 1290 quantas
815 1225 926 1275 Gracia
946 1225 1066 1274 civitates
1086 1225 1219 1276 exercuis-

113 1312 165 1348 ron
184 1299 275 1350 irarum
295 1307 428 1350 auctorum
448 1300 651 1364 dicendigenns
685 1303 744 1352 ret.'
778 1304 932 1366 Spartianus
945 1302 1166 1353 Adriauos‘Nun
1177 1318 1219 1354 so·

114 1390 190 1440 aaepe
202 1377 272 1440 apud
284 1384 356 1428 rates
374 1379 470 1428 lectum
486 1379 649 1430 meminisse:
686 1380 737 1428 lum
746 1379 846 1441 amicis,
855 1378 902 1428 sed
912 1379 1007 1442 passim
1016 1381 1220 1450 etiamaliqusnf

114 1453 190 1502 ‘iras
210 1451 342 1510 vulneris,’
370 1453 558 1517 ‘implacatum
580 1456 651 1504 dolo·
686 1456 720 1504 tis
731 1457 811 1504 multa
821 1456 930 1518 largitus
946 1454 1007 1506 est.’
1038 1457 1219 1519 Vegetiusrv.

113 1526 336 1590 retn‚'‘sravieus
353 1527 441 1578 ulens’
458 1529 651 1594 seu‘rnluur,'
685 1535 726 1582 40.
754 1530 870 1580 ‘Tamen
899 1531 961 1596 quia
986 1531 1097 1582 diversis
1116 1532 1219 1582 caribus

114 1614 144 1654 et
160 1605 233 1656 mille
249 1605 526 1670 talia,quaeoptimam
539 1607 650 1657 Liriueii
685 1609 816 1674 aliquanta
833 1607 983 1658 molentun'
1017 1607 1107 1660 Aurel-
1127 1609 1220 1658 Victor

113 1689 234 1732 urentem
250 1697 300 1732 nou
319 1682 448 1732 subibant.
483 1683 575 1745 Vulgus
589 1697 650 1734 saue
686 1683 873 1735 Annibaliano:
892 1685 1099 1747 'Conspirarere
1116 1684 1143 1732 in
1161 1684 1219 1749 ejus

113 1757 209 1821 inepte
217 1757 315 1816 dieitur
325 1759 453 1824 offendere,
463 1759 507 1824 qui
520 1761 545 1809 lu
558 1768 650 1809 senatu
685 1775 776 1812 necem
797 1761 923 1826 aliquanti
945 1760 1089 1812 militares!
1123 1763 1219 1812 Eutro-

113 1840 237 1897 perorat.
276 1834 352 1887 Quod
380 1837 498 1900 cogitare
520 1834 651 1888 debebant
685 1841 745 1904 pius
756 1839 802 1890 lib.
815 1853 855 1890 tv.
873 1837 1218 1903 ‘Aliquantuetipseoppi

113 1911 170 1962 isti.
540 1951 542 1958 .
686 1916 720 1966 da
732 1914 962 1979 Numidiecepit.'
978 1916 1220 1966 ‘Mulcereaures'

148 1986 279 2051 §alinae
287 1987 413 2052 pendente]
431 1987 504 2037 Levi.
521 1987 650 2052 Sidonius,
686 1992 825 2056 proverbio
835 1992 918 2042 simile
931 1999 979 2054 ιιι,
990 1992 1023 2042 de
1034 1992 1154 2043 delicatis
1164 2007 1218 2044 ser·

113 2063 256 2114 ‘Pendeat
271 2065 427 2114 rotarulcat
442 2065 544 2113 inanem
560 2063 649 2114 Aina!
687 2068 815 2118 monibus.
843 2067 988 2131 Appuleius
1000 2069 1104 2118 Milesia
1115 2067 1220 2121 1.‘An·

113 2141 178 2192 Hoc
188 2147 239 2198 ert,
249 2141 387 2194 levissima.
419 2142 490 2192 Loco
499 2141 547 2207 ipsi
560 2143 648 2192 similit
688 2159 730 2194 ree
749 2152 804 2194 tuas
822 2142 924 2193 bibulas
941 2144 1029 2207 lepida
1045 2159 1149 2194 susurro
1160 2159 1221 2210 per·

115 2216 188 2282 apud
201 2216 383 2268 Claudianum.
687 2219 833 2270 mulceam’
877 2219 1029 2283 Fulgentius
1058 2221 1171 2284 Muthul.
1199 2234 1220 2270 ι.

147 2293 202 2344 Per
210 2293 342 2344 aesleatt'ae
357 2291 415 2356 isse]
432 2291 504 2344 Huic
519 2293 651 2358 locolepi·
687 2297 818 2346 ‘Taurum
829 2297 928 2346 auritum
941 2295 1016 2346 sedes
1029 2296 1116 2360 lepido
1131 2309 1219 2360 quam·

115 2371 195 2422 timus
214 2368 264 2420 init
281 2369 397 2420 medicus
420 2369 488 2420 idem
510 2371 651 2422 Livineius.
688 2373 753 2424 libet
772 2388 877 2423 susurro
892 2371 1086 2437 permulceam!
1119 2373 1164 2424 lta
1182 2373 1219 2423 le·

112 2449 179 2500 Duo
197 2447 262 2496 Mus.
281 2446 426 2496 habueruut
441 2449 651 2512 perseverassent
688 2451 799 2514 gendum
813 2449 882 2514 apud
895 2451 1070 2514 Fulgentium,
1080 2463 1138 2500 eum
1149 2450 1220 2499 inre·

113 2524 203 2574 eidem
225 2523 429 2588 proditumque
449 2525 586 2584 emaculat,
607 2541 651 2589 per
687 2537 765 2580 nnete
781 2526 931 2594 ‘quolibet'
957 2527 1075 2578 inlibris
1104 2527 1221 2577 omnibns

111 2603 248 2654 sestertius
257 2603 312 2652 isse.
339 2601 563 2667 Aenteuereque.
593 2605 650 2668 Ego
688 2605 786 2656 editum
800 2606 843 2654 sit.
877 2601 1105 2666 Cum‘qnolibet’
1123 2617 1220 2652 sermo·

113 2680 238 2732 eamdem
256 2681 410 2744 scripturam
428 2689 490 2730 unte
506 2681 564 2744 ejus
576 2689 651 2731 notas
687 2696 720 2732 ue
733 2681 836 2730 minime
847 2694 908 2728 ntus
920 2680 964 2742 sit,
973 2693 1021 2747 nee
1034 2680 1103 2728 ultra
1113 2677 1220 2728 libitum

112 2757 188 2822 apud
198 2752 281 2807 Ubios
298 2757 324 2805 iu
342 2756 408 2806 libro
419 2757 515 2806 elrartae
527 2757 651 2820 inscripto
688 2758 750 2807 uelit
763 2771 872 2806 narrare
884 2762 983 2805 auctor.

113 2835 245 2898 videram,
260 2839 288 2884 et
306 2835 433 2896 legebam.
448 2840 567 2898 pertentes
586 2835 650 2894 isse,·
720 2833 765 2896 §⁵
783 2833 932 2882 Durissiruos
946 2830 1047 2894 militas]
1065 2830 1218 2896 Hispaniam

113 2918 145 2962 ut
156 2925 239 2974 cupra
255 2917 375 2960 'manum
386 2911 543 2973 pendentem
553 2911 561 2936 '
573 2912 650 2974 dixit,
687 2910 836 2961 durissimos
845 2909 939 2959 milites
948 2907 1016 2956 ferre
1026 2915 1152 2968 autumat,
1158 2921 1219 2956 con-

112 2989 151 3038 ita
168 2988 222 3037 lroc
239 2987 297 3036 loeo
313 2991 433 3051 pertentes
447 2987 598 3050 iturum,ue
609 3003 649 3036 ac·
686 2989 816 3039 sentiente
835 2988 913 3036 Floro
931 2999 962 3036 ιι.
980 2989 1005 3035 6.
1022 2985 1065 3048 qui
1083 2984 1219 3034 ‘bellatri-

113 3067 206 3130 pultuu
233 3063 308 3114 dolor
333 3063 528 3114 recrudesceret
552 3064 649 3114 duriori
686 3081 743 3115 cem
759 3065 822 3116 viris
841 3064 970 3128 armisque
992 3059 1124 3111 nobilem’
1140 3068 1219 3112 vocat

113 3141 277 3208 palpatione.
309 3140 401 3190 Utrum
422 3142 559 3192 lectionem
577 3145 650 3194 malit
686 3141 858 3205 Hispaniam
875 3137 1156 3202 Silio‚qui‘lrellornur
1165 3151 1218 3187 tna-

113 3219 238 3272 eruditus
252 3219 343 3281 lectar,
359 3217 470 3268 habebit
481 3218 582 3269 Pacato
593 3219 649 3284 dig·
687 3216 779 3280 trem3’
795 3217 878 3278 Livio,
893 3214 936 3280 qui
949 3213 1080 3278 Hispanos
1096 3213 1219 3264 'bellica-

114 3311 191 3348 nam.
636 3317 638 3328 ι
686 3311 740 3345 saur
763 3291 891 3358 gentem?
909 3291 1034 3342 Frontino
1051 3291 1169 3356 Strateg.
1185 3302 1218 3342 11.

149 3374 268 3423 Car-tv.
283 3374 297 3437 ἦ
314 3375 330 3422 2
347 3372 537 3437 Terrasclier'or]
557 3375 648 3440 Hispa·
686 3377 710 3422 8.
726 3372 770 3438 qui
787 3372 935 3422 ‘robustum
954 3369 1062 3420 militem
1071 3367 1089 3431 ς’
1109 3369 1219 3420 Manilia

114 3450 189 3502 niens
203 3449 323 3498 omnibus
344 3449 420 3498 terris
437 3455 534 3498 terram
553 3449 650 3502 feliciu-
686 3450 732 3501 lib.
751 3463 789 3499 ιι.
806 3449 850 3512 qui
866 3447 975 3496 ‘solidus
992 3447 1167 3511 Hispanorum
1178 3460 1219 3496 ar·

114 3538 174 3576 rem
187 3533 273 3585 uocat,
283 3523 461 3574 consentiente
474 3523 544 3572 Mela
559 3525 604 3576 lib.
617 3540 650 3578 ιι.
688 3526 747 3577 tns’
762 3525 864 3575 laudat.
1199 3559 1203 3566 „

115 3615 178 3650 eam
190 3599 247 3648 aliis
264 3599 412 3649 innumeris.
445 3600 587 3652 Lusitania
599 3602 650 3653 fer·
721 3605 797 3654 Delos
815 3601 922 3665 reptatu]
939 3600 1024 3649 Delon
1042 3598 1111 3664 quod
1130 3603 1219 3663 repta·

115 3674 627 3728 tilitatemlandatAtheurauslib.vrrr.
688 3687 741 3730 tam
760 3677 907 3728 nominibus
934 3675 1007 3736 dicit,
1027 3674 1167 3738 expressit,
1188 3681 1219 3724 ut

148 3757 165 3819 §
182 3759 199 3804 4
217 3753 319 3804 Metalla
326 3753 485 3817 gemmarum]
498 3755 650 3818 Hispaniam
688 3764 763 3820 puto,
772 3752 948 3804 Claudianus:
962 3751 1112 3815 ‘Cretaque
1124 3765 1152 3799 se
1159 3751 1226 3815 jam.

116 3832 283 3884 metallorum
294 3829 407 3879 fertilem
424 3831 512 3880 laudat
523 3846 651 3882 eumenen
688 3840 729 3883 tet
745 3839 837 3881 tenero
848 3835 953 3892 reptata
968 3826 1101 3878 Tonanti!
1134 3827 1219 3878 Erilli

115 3908 230 3962 Diodori
239 3907 328 3963 Siculi,
335 3907 439 3970 Polybii
449 3909 465 3958 l.
473 3921 517 3956 ιιι.
536 3909 650 3972 Capella
689 3909 776 3976 puiitae
785 3925 836 3960 nun
848 3907 988 3972 injucunda
997 3907 1089 3956 Pueati
1098 3908 1218 3971 imitatio,

116 3987 136 4035 i.
148 3998 189 4035 vr.
200 3983 279 4034 Plinii
289 3997 327 4032 ιι.
339 3986 380 4033 2⁰.
398 3984 500 4034 Metalla
514 4000 651 4048 verogem·
688 3997 718 4040 ut
740 4003 808 4046 mox,
835 3987 959 4035 ‘alanino
982 3984 1098 4034 Hercule
1118 3985 1218 4040 nobiles

116 4059 650 4128 morum,utmarmcrisl’upiniusatalii‚
687 4065 809 4117 Thebaer'
835 4063 1001 4120 claudianus,
1028 4062 1170 4112 ‘Herculis
1189 4068 1218 4112 et

118 4144 185 4194 di'cit
196 4149 285 4192 noster
296 4141 419 4204 Pacatus,
430 4139 463 4196 de
475 4155 525 4205 qno
537 4141 649 4192 vocabu·
687 4145 787 4194 Bromii
799 4147 927 4192 sustentet
937 4139 1018 4204 gloria
1027 4137 1145 4188 Thebas!

117 4223 144 4272 lo
166 4221 225 4270 ride
248 4233 306 4284 quas
329 4223 403 4267 nutat
427 4217 461 4266 ad
483 4217 649 4281 Agrimenso·
720 4215 1148 4278 Fidemmustureuescimnsnuditia]
1162 4213 1215 4262 He·

117 4312 160 4350 res
171 4295 363 4348 eruditissimus
373 4293 413 4343 uir
424 4291 548 4344 Nicolaus
560 4295 650 4362 Rigal·
687 4296 803 4363 nodutus,
811 4293 861 4345 ire
872 4290 1016 4355 ἀπιστότερα
1023 4288 1159 4353 ὀφθαλμῶν,
1167 4289 1217 4345 bia
