2920 4844
261 371 350 443 2450
609 389 669 438 ra.
685 387 874 438 nnnnfflur
898 387 1008 438 nonu

263 533 380 584 orations
391 531 481 584 babita
493 533 521 584 in
539 532 633 584 t'nnere
645 530 794 590 Tbsodoell,
831 519 977 598 presidium
987 532 1124 584 Ecclesia.
1158 531 1353 595 Haersro,col

261 609 340 674 paulo
357 617 497 676 antequam
513 611 557 660 lea
576 609 726 660 Arcadian·
740 609 794 659 lete
830 607 880 658 alls
891 623 963 658 arnrs
978 607 1095 665 deerant,
1114 614 1143 658 et
1159 623 1217 674 quan
1234 610 1307 660 siarul
1319 610 1354 658 si·

261 694 341 748 uret,
356 693 492 749 torrorem,
502 703 580 754 quarn
591 686 655 751 diri,
666 687 794 750 imprimis
831 685 909 736 debat
919 683 1034 736 ferocem
1049 687 1172 750 populum
1185 687 1228 735 rix
1238 680 1291 736 irlls
1300 687 1353 749 lega

261 763 365 814 incutit.
392 765 460 816 Nem
475 773 642 828 posteaquam
655 762 794 812 fideimili·
831 763 947 826 reprimi,
959 769 1004 812 sot
1014 764 1130 826 legitima
1142 777 1218 826 prena
1232 761 1354 812 deterreri

261 845 315 890 turn
325 849 354 890 et
365 837 459 892 ducum
469 840 618 891 Arrlicornnr
631 839 794 890 commenda·
831 853 917 903 posse,
932 838 1065 904 judicarit
1084 839 1147 888 illud
1164 853 1309 902 superesse,
1326 844 1354 888 nt

261 917 301 968 vit
312 917 423 968 salutans
435 917 568 985 juniorum
587 917 733 980 principum
745 916 794 966 Ar·
832 916 997 966 conscientiae
1012 916 1100 980 aliquo
1111 923 1219 977 terrore,
1231 923 1259 965 et
1273 915 1354 978 religi-

261 991 331 1055 cedii
344 1002 374 1044 et
390 993 511 1054 Honorii,
528 993 633 1044 tandem
650 994 753 1044 intonat
763 994 793 1043 il·
831 1007 880 1042 one
891 992 1140 1055 constringerentur,
1150 991 1271 1054 ipsasque
1281 992 1354 1040 etism
1435 1039 1436 1062 χ

260 1070 323 1120 ludr
343 1071 503 1120 ‘Maximum
514 1076 541 1120 et
551 1070 693 1132 Eugenium
706 1079 794 1136 tyran·
831 1071 1080 1118 manustalisnretnr
1091 1070 1290 1133 constringeret.
1305 1068 1355 1118 Its·

261 1160 308 1196 uos
320 1146 463 1196 miserabili
476 1148 597 1209 exemplo
611 1146 681 1210 opud
698 1145 794 1196 inseror
831 1146 918 1210 quein
930 1145 1045 1196 concillo
1061 1146 1197 1207 Toletano,
1208 1151 1304 1210 quanta
1314 1143 1355 1193 de·

261 1225 365 1288 testari,
387 1238 464 1287 quam
484 1223 577 1272 dnrorn
596 1223 631 1274 sit
650 1237 722 1272 orma
740 1225 793 1274 suis
830 1223 853 1268 ri
865 1221 1260 1286 maaimapotnitgraritate,de
1273 1221 1355 1270 diuino

260 1299 425 1364 principibus
443 1299 583 1364 irrogaru'
617 1301 661 1350 Sin
680 1301 794 1352 Pacatus
827 1299 927 1363 jndicio
947 1301 1063 1364 episcopi
1091 1301 1171 1351 verba
1196 1299 1304 1361 iaciunt,
1330 1306 1355 1348 et

260 1377 287 1426 in
309 1377 485 1442 Panegyrico,
505 1378 563 1426 rivo
583 1377 738 1439 Tboodosio,
752 1391 794 1427 or·
831 1391 948 1440 quianam
960 1383 1019 1441 post
1035 1378 1102 1428 bano
1115 1391 1218 1443 quoqne
1233 1378 1311 1426 viram
1322 1377 1355 1425 nl·
1435 1439 1436 1442 Ἴ

260 1455 538 1518 tendeuspraesentern
551 1453 794 1504 Marimiillinscae·
831 1453 869 1501 tio
883 1461 988 1504 maneat
999 1453 1158 1517 perduelles,
1174 1462 1317 1518 exponunt,
1331 1455 1356 1500 et
1435 1443 1436 1456 ¹

263 1531 332 1591 darn,
342 1531 483 1592 exclamat,
500 1530 584 1579 ‘Tale
596 1530 743 1592 exemplum
755 1530 794 1579 in·
831 1530 947 1580 terribile
962 1540 1102 1595 propterea
1118 1531 1149 1580 iis
1168 1532 1304 1580 anstbenra
1314 1530 1356 1578 de·

261 1606 422 1670 spiciendnm
434 1606 459 1656 ei
470 1620 538 1666 esse,
547 1607 591 1670 qui
603 1607 698 1656 imitari
708 1607 794 1655 Maxi·
831 1607 965 1668 nunciant,
976 1609 1020 1672 qnl
1031 1607 1124 1671 impias
1135 1621 1225 1656 mantra
1236 1605 1356 1656 inferrent

154 1725 157 1738 .
260 1697 331 1732 mum
351 1683 512 1734 instituerit.'
547 1683 600 1733 Sed
617 1697 675 1734 cunr
691 1689 794 1732 nrortuo
831 1682 883 1730 anis
894 1683 1007 1745 regibur.
1026 1684 1144 1748 Denique
1150 1683 1356 1748 jubeutbocrel·

260 1757 407 1808 Theodosio
423 1759 534 1820 vindice,
546 1758 649 1808 rideret
661 1758 794 1808 Anrbrnri·
832 1759 869 1807 uti
881 1757 978 1808 t'rrlrrren
991 1773 1093 1822 sonare,
1110 1761 1260 1824 saepiusque
1273 1767 1356 1808 tonare

260 1849 290 1884 us
303 1835 382 1884 talem
399 1835 540 1886 vindictam
552 1836 635 1884 minus
644 1836 699 1898 jam
712 1834 793 1885 resur·
831 1836 857 1884 in
866 1837 1048 1886 ecclesiasticis
1060 1837 1227 1888 concionibus
1240 1836 1271 1886 ad
1281 1849 1355 1900 popu·

260 1910 362 1968 wideri.
374 1911 465 1962 uitem
483 1911 606 1974 proponit
618 1911 727 1960 alterum
739 1918 792 1960 ter·
831 1915 883 1965 lum
902 1913 1085 1965 deterrendum
1104 1921 1134 1964 et
1147 1913 1355 1979 obstringendum

260 2001 347 2038 rorem
368 1986 464 2038 dirinae
490 1987 609 2036 ultionis:
632 2002 683 2051 quo
705 1996 792 2038 tamen
832 1991 941 2056 quodam
953 1993 1042 2042 'velati
1060 1994 1181 2056 exemplo
1198 1993 1269 2041 illins
1284 1990 1356 2040 devo·

260 2079 319 2114 curu
330 2065 406 2128 paulo
423 2073 483 2136 port
499 2064 606 2114 Rrrtiuus
620 2065 726 2128 reprimi
741 2080 793 2115 nou
831 2069 908 2118 sionis
918 2076 947 2118 et
957 2068 1145 2133 stipulationis,
1157 2069 1229 2133 qnod
1246 2069 1356 2118 ‘tonitru

261 2142 460 2208 potuerit,quin
477 2157 523 2193 suo
538 2142 651 2193 Arcadio
663 2143 793 2193 insidiare·
831 2145 1049 2196 Cirristianornm’
1067 2154 1186 2196 vocatum
1203 2143 1283 2194 foisse
1299 2145 1356 2193 scri·

260 2225 313 2280 tur,
330 2218 428 2270 facturn
441 2227 479 2270 est
490 2221 578 2270 statim
590 2221 698 2270 militnm
710 2221 794 2271 fideli·
831 2221 870 2272 bit
881 2223 913 2272 B.
926 2223 1099 2286 Hieronymus
1115 2223 1141 2272 in
1160 2224 1247 2285 Epist.
1266 2223 1296 2273 ad
1308 2223 1355 2272 Ga·

260 2308 304 2344 um
316 2296 438 2358 prasidio
446 2304 481 2346 et
492 2312 579 2354 mann,
588 2305 618 2346 nt
630 2296 738 2347 Rufinus
750 2299 793 2348 ille
830 2299 907 2349 latas.
942 2299 1059 2363 Denique
1070 2306 1097 2349 et
1113 2301 1139 2349 in
1156 2301 1280 2350 conciliis
1291 2311 1356 2364 sape

260 2385 351 2434 peenas
363 2371 475 2431 dederit,
485 2367 690 2438 qnas'Muimns
701 2383 729 2425 et
741 2376 793 2424 En·
831 2374 856 2423 id
869 2375 954 2438 repeti
972 2381 1000 2424 et
1016 2376 1168 2440 exaggerari
1184 2378 1284 2440 placuit
1295 2387 1322 2427 ut
1332 2381 1357 2423 et

261 2448 362 2510 reatus.
830 2449 930 2502 factum
942 2449 993 2501 luit
1006 2454 1031 2501 in
1049 2453 1167 2503 Concilio
1183 2455 1310 2505 Toletano
1323 2465 1356 2502 rr.

292 2526 363 2589 Ergo
374 2539 425 2576 non
438 2533 537 2576 temere
548 2533 599 2584 est,
614 2527 682 2593 quod
697 2526 794 2592 fateor,
814 2531 816 2539 ⁴
830 2528 874 2578 abi
886 2529 964 2578 etiarn
978 2529 1089 2592 quodam
1106 2530 1187 2580 ueluti
1198 2532 1316 2595 exemplo
1326 2532 1356 2580 le·

261 2616 320 2652 oanr
342 2603 399 2665 legs
417 2600 561 2652 Arcadiana
578 2613 652 2653 recte
670 2605 793 2668 conjungi
831 2606 870 2668 gis
880 2606 962 2654 uirilis
971 2606 1047 2656 etSti
1059 2606 1194 2669 Silaniaoi,
1202 2607 1356 2657 damnandos

261 2680 394 2730 canonem
403 2679 620 2746 Toletannm,qoi
632 2680 793 2732 fulminando
831 2695 933 2746 quoque
944 2695 1001 2731 ease
1015 2695 1103 2745 regum
1121 2696 1298 2740 successores,
1315 2682 1356 2748 qni

260 2755 387 2806 adversus
409 2771 513 2807 suorum
537 2759 669 2822 pincipanr
684 2761 793 2824 parrici-
831 2773 958 2808 caesorum
980 2766 1090 2809 mortem
1112 2773 1165 2808 uon
1187 2759 1356 2822 vindicarent,

260 2834 307 2885 das
325 2834 366 2884 rel
385 2835 534 2898 perduelles
552 2835 728 2901 insidiatores,
737 2852 794 2901 gra·
831 2837 938 2900 placuit.
971 2835 1067 2902 Neque
1082 2851 1144 2886 sero
1155 2837 1242 2886 inanis
1254 2836 1356 2888 initTo·

261 2911 331 2962 riter
343 2912 458 2962 inculcat
469 2912 581 2962 divinam
594 2914 663 2962 illum
680 2917 791 2966 sanctio·
831 2914 919 2963 letone
930 2914 974 2964 illa
984 2915 1082 2978 cantio,
1100 2915 1262 2979 sanctioque.
1293 2915 1356 2965 Nam

261 3001 456 3052 near,quseneu
467 2989 793 3054 obscureostendit,qusru
832 3005 879 3054 per
895 3005 951 3040 eam
970 2988 1067 3040 iactum
1084 3005 1141 3040 esse
1160 2991 1277 3050 ridetur,
1294 2987 1356 3055 qnod

260 3063 417 3114 inviolabilis
431 3072 459 3115 et
473 3073 637 3115 sacrosancta
651 3065 685 3116 sit
703 3081 793 3131 regum
831 3075 920 3117 narrat
941 3066 1087 3118 Roderions
1103 3081 1135 3116 rr·
1151 3071 1194 3116 nt.
1210 3076 1242 3118 nt
1255 3083 1286 3119 eo
1297 3077 1357 3115 tem·

261 3143 392 3202 majestas.
832 3158 896 3207 pore
917 3143 951 3193 ab
972 3143 1041 3193 omni
1060 3143 1260 3207 perturbatione
1281 3144 1358 3207 (sicat

293 3213 426 3265 videbant
444 3215 537 3266 Patres
556 3217 592 3264 illi
604 3217 723 3268 Toletani
734 3233 792 3287 cnm
832 3218 960 3285 loquitur)
975 3220 1041 3269 adeo
1058 3220 1204 3285 quiesceret
1226 3220 1358 3282 Hispania,
1435 3269 1436 3280 ,

261 3305 307 3342 sno
326 3292 426 3354 optimo
449 3305 510 3353 rege
527 3291 679 3350 sisenando,
695 3305 795 3359 quanta
832 3309 860 3347 ut
879 3299 964 3347 nullus
978 3299 1005 3347 in
1019 3313 1051 3348 ea
1067 3297 1179 3348 infidelis
1190 3297 1266 3362 (utor
1277 3297 1357 3347 verbis

261 3376 325 3418 tunc
347 3377 419 3418 esset
440 3368 609 3420 barbarorum
638 3373 747 3422 audacis
767 3383 794 3424 et
832 3373 968 3439 Roderici)
986 3375 1156 3434 inveniretur,
1173 3375 1216 3440 qui
1234 3389 1304 3425 arura
1319 3387 1359 3422 sn·
1435 3379 1436 3432 ζ

261 3446 411 3503 infidelitas,
431 3452 460 3496 et
480 3448 625 3511 prasertim
648 3448 793 3500 Gothorum
832 3460 914 3502 meret
930 3452 963 3502 ad
982 3451 1170 3503 rebellandum.
1203 3453 1260 3503 Irno
1276 3465 1357 3502 resen
1435 3463 1436 3474 ¹

262 3523 385 3576 adversos
397 3523 529 3588 principer
546 3539 606 3574 snos
617 3526 643 3574 in
656 3525 793 3591 Hisponis.
831 3531 923 3592 evasit,
932 3539 962 3580 ut
974 3529 1029 3594 jam
1040 3529 1193 3580 crederetur
1202 3527 1357 3594 inexpiabile
1435 3557 1436 3572 r

262 3603 332 3654 Nara
347 3609 376 3652 et
393 3601 539 3666 duronius,
554 3616 638 3653 rerum
654 3604 792 3654 Francicu-
831 3607 945 3665 errelroc
954 3607 1061 3665 crimen,
1071 3608 1110 3654 uel
1122 3607 1143 3656 ni
1153 3619 1199 3655 rex
1206 3608 1307 3656 reniam
1316 3606 1357 3652 de·
1435 3655 1436 3672 χ

262 3693 318 3728 raus
336 3679 449 3744 scriptor
469 3680 601 3744 antiquus,
618 3695 651 3731 ιι.
663 3685 704 3732 2⁰.
716 3683 793 3732 testis
831 3683 1356 3747 dissetretproptereadubitaretur,snm

263 3755 435 3819 eru-Gorbos
451 3757 510 3806 illos
529 3757 618 3806 vitium
632 3759 794 3824 boc(utait)
831 3762 856 3810 iu
878 3761 991 3810 ecclesia
1017 3763 1172 3824 prenitentes
1205 3761 1355 3824 perduelles,

263 3832 289 3880 iu
308 3833 520 3883 cousuetudinem
539 3835 657 3896 vertisse,
673 3845 703 3886 ut
714 3837 734 3886 si
746 3829 793 3886 rex
831 3837 875 3902 qui
887 3839 987 3887 reniam
1005 3852 1020 3886 a
1037 3851 1097 3899 rege
1111 3838 1304 3902 impetrassent,
1314 3851 1356 3901 pa·

262 3905 293 3956 iis
305 3907 467 3973 displiceret,
484 3910 572 3959 atatim
587 3926 644 3960 enm
662 3912 793 3964 interiore·
830 3929 888 3963 cern
897 3914 940 3978 (ut
953 3912 1094 3977 vocant)et
1102 3914 1236 3976 jussacrae
1248 3927 1356 3964 corumn·

262 3991 332 4034 rent.
365 3985 501 4048 Quamque
510 4001 597 4035 verum
610 3988 636 4035 id
647 3986 735 4049 fuerit,
744 3991 793 4040 oti·
830 3990 913 4038 aionis
926 3990 1066 4052 impetrare
1076 4002 1181 4052 possent
1191 4008 1198 4041 ι
1210 3999 1356 4055 propterea·

263 4075 305 4110 aun
317 4061 732 4118 ostenditRodericas'soletanns
745 4067 793 4116 Hi·
831 4081 882 4130 que
905 4065 984 4114 fuerit
1004 4079 1122 4126 neeesse,
1146 4077 1175 4115 ut
1195 4068 1219 4116 iu
1233 4067 1355 4116 Toletano

263 4138 377 4203 spanieae
394 4139 575 4190 Historiaerrr.
593 4145 634 4192 20.
667 4143 793 4204 Erpoilln
831 4141 1118 4202 Conciliodedniretnr,
1130 4157 1213 4206 posse.
1242 4142 1355 4192 illudin-

263 4216 351 4266 secnlo
363 4216 466 4267 attoniti
477 4231 550 4278 regen
564 4216 697 4280 Hispaniae
708 4220 734 4268 in
747 4221 793 4270 toli
831 4229 904 4268 terea
915 4220 1018 4268 minine
1028 4221 1238 4284 pratereundum
1249 4228 1301 4276 est,
1314 4229 1355 4282 ps·

264 4301 390 4360 tantoque
417 4293 533 4357 periculo
559 4291 733 4358 confugerunt
760 4296 793 4347 ad
831 4304 884 4346 tree
902 4297 1039 4347 'Toletanos
1056 4305 1223 4363 posteaquam
1238 4295 1271 4346 de
1285 4295 1354 4345 obse·
