2896 4834
235 383 324 452 alsa
569 400 764 452 uacuusos
791 401 1010 454 animosus.
1056 433 1067 446 .

234 543 475 606 animadvertisse
488 547 602 618 scribit,
616 548 646 606 in
659 545 848 628 septuaginta
868 558 901 606 et
923 545 1059 626 pluribus
1081 544 1156 608 louis
1177 543 1337 636 lectionem
1441 639 1442 644 η

233 641 321 720 hujus
334 642 474 704 editionis
486 664 505 704 a
518 643 644 704 lectione
654 643 793 704 editionis
805 644 907 724 primae
921 649 1010 704 1531.
1024 643 1152 704 differre.

274 773 316 785 -
337 737 478 810 Basileus,
492 746 521 800 8.
536 739 574 801 Ο.
586 739 683 799 Plinii
693 739 824 800 Secundi
834 738 1082 816 Novocomensis,
1095 740 1151 802 viri
1161 739 1337 811 consularis,
1441 729 1442 734 ἵ

233 835 415 914 oratorisque
427 834 623 907 disertissimi,
638 835 846 916 Epistolarum.
859 835 929 896 libri
949 854 987 898 x.
1008 836 1049 896 ad
1071 836 1226 917 exemplar
1241 857 1337 910 manu

231 932 374 1012 scriptum
387 929 543 1012 Rodolpbi
557 931 709 1011 Agricola
731 931 952 1011 diligentissime
971 934 1124 1012 recogniti.
1165 933 1338 1013 Panegyri-

232 1047 295 1100 cus,
317 1027 450 1108 Trojano
474 1029 587 1089 Caesari
612 1029 719 1100 dictura,
752 1039 783 1089 et
808 1030 839 1090 is
860 1029 901 1090 ad
925 1031 1153 1092 vetustissimum
1181 1029 1338 1112 exemplar
1441 1043 1442 1050 ’

232 1125 414 1186 emendatae
438 1125 488 1185 De
501 1125 585 1186 Viris
597 1125 768 1186 Illustribus
780 1127 822 1186 rai
833 1126 970 1187 militaris
983 1136 1014 1186 et
1022 1127 1266 1188 administrandae
1278 1127 1338 1188 rei-
1441 1119 1442 1122 '

231 1221 371 1304 publicae.
427 1222 627 1283 Accesserant
649 1231 822 1302 argomento
848 1222 983 1284 Suetonii
1007 1223 1175 1304 Tranquilli
1201 1223 1277 1286 liber
1298 1223 1338 1284 de
1441 1223 1442 1240 ¹

233 1319 332 1380 Clanis
345 1319 559 1382 Grammaticis
565 1329 601 1381 et
612 1319 814 1381 Rhetoribus:
835 1321 907 1380 item
925 1319 1000 1382 Julii
1011 1321 1338 1402 Obseqoonds,Prodi.-

117 1421 120 1428 ¹
231 1417 346 1494 bimum
365 1417 449 1489 liber,
471 1423 530 1506 διο.
565 1417 707 1488 Basileae,
734 1417 815 1498 apud
838 1418 977 1480 baeredes.
995 1419 1094 1480 Andr.
1122 1417 1339 1481 Cratandri-

126 1581 129 1584 ,
232 1515 326 1576 Hanc
339 1514 499 1576 editionem
509 1517 625 1577 curarit
637 1515 688 1586 Jo,
703 1514 875 1586 Siehardus,
887 1517 979 1596 quiin
993 1515 1166 1598 prelatione
1179 1537 1234 1576 sus
1245 1516 1338 1579 valde

231 1613 403 1673 contemtim
418 1613 549 1693 loquitur
560 1612 598 1672 de
611 1621 697 1672 textu
710 1611 800 1682 Aldi,
814 1617 940 1692 eumque
955 1615 999 1673 ait
1018 1613 1100 1674 haud
1123 1635 1177 1694 pro
1189 1614 1338 1692 dignitate

231 1729 337 1770 munus
353 1730 438 1769 suum
461 1709 683 1770 administrasse
707 1711 736 1768 in
762 1711 809 1769 his
830 1709 925 1780 libris,
939 1731 990 1770 seu
1008 1711 1118 1789 judicii
1144 1711 1256 1792 iuopia,
1283 1731 1338 1772 sen

229 1806 410 1887 exemplaris
421 1807 505 1878 vitio,
517 1827 577 1887 quo
590 1827 658 1866 usus
670 1816 750 1866 erat:
773 1806 853 1886 quod
873 1827 944 1866 sane
967 1816 1013 1867 est
1035 1807 1166 1888 iniquius
1173 1807 1345 1886 judicium.

231 1903 371 1964 Ceterum
385 1904 471 1963 bonae
484 1913 562 1963 notre
576 1903 695 1963 esthaec
707 1902 844 1964 Sicbardi
857 1903 959 1964 editio.
1002 1903 1105 1971 Quale
1126 1913 1226 1966 autem
1246 1904 1339 1968 fuerit

229 2001 461 2061 vetustissimum
474 2000 552 2060 illud
571 2001 755 2082 Panegyriei
774 2001 938 2082 exemplar,
952 2001 1033 2083 quod
1055 2002 1085 2061 in
1108 2001 1205 2062 titulo.
1217 2001 1337 2074 laudat,

228 2097 308 2157 haud
321 2097 392 2158 licet
401 2097 560 2178 conjicere,
575 2119 644 2158 cum
654 2097 731 2158 illud
745 2099 776 2158 in
788 2098 963 2186 prefatione
984 2119 1038 2158 sua
1051 2119 1108 2158 non
1122 2098 1336 2176 designtverit.

161 2191 166 2208 '
268 2201 349 2255 1545
369 2194 470 2256 Paris.
484 2203 514 2256 8.
527 2195 565 2256 G.
580 2195 677 2256 Plinii
690 2195 759 2257 Sec.
770 2196 850 2276 Epp.
865 2205 896 2257 et
909 2197 1024 2274 Paneg.
1049 2195 1208 2256 Suetonius
1220 2195 1337 2278 Tranq.

227 2291 267 2372 de
281 2292 381 2352 (ilaris
391 2290 527 2353 Gramm.
540 2303 572 2354 et
582 2292 688 2354 Rhett.
707 2293 806 2353 Julius
821 2293 997 2374 Obsequens
1009 2293 1047 2354 de
1060 2292 1223 2370 Prodigiis.
1265 2293 1336 2352 Pa-

228 2389 276 2456 ris.
291 2409 339 2469 ap.
357 2388 536 2450 Colinaeum,
577 2389 643 2466 (Ex
657 2389 705 2449 ed.
719 2389 837 2450 Aldina
849 2397 940 2450 1518.
952 2399 983 2450 et
996 2391 1145 2470 Antverp.
1159 2392 1274 2468 1532.)

123 2475 125 2482 ’
230 2521 234 2528 ·
268 2492 349 2549 1547
370 2485 558 2566 Lugduni,8.
570 2507 618 2567 ap.
637 2486 707 2547 Seb.
723 2485 902 2568 Gryphium.
925 2487 1021 2548 Plinii
1033 2488 1112 2568 Epp.
1126 2507 1195 2548 cum
1210 2487 1335 2567 Paneg.

226 2591 298 2644 cett.
319 2592 353 2643 ut
373 2584 402 2643 in
422 2583 471 2644 ed.
486 2583 613 2645 Aldina.
655 2584 796 2646 Iudicate
809 2587 905 2648 nobis.
919 2587 1010 2647 aviro
1027 2585 1173 2648 illustriss.
1187 2584 1238 2646 Jo.
1252 2584 1337 2660 Hei7

157 2763 161 2770 ’
225 2681 519 2859 ᾁθξξζιῃιιςᾶιιιιί,
535 2787 565 2840 8.
591 2800 639 2862 ap.
654 2779 726 2843 seb.
742 2780 922 2862 Gryphium.
944 2781 984 2842 0.
1008 2781 1107 2842 Plinii
1131 2779 1250 2840 Gaecilii
1278 2779 1336 2840 Se-

226 2875 317 2936 cundi
342 2875 463 2938 Novoc.
487 2877 689 2958 Epistularum
717 2878 787 2939 libri
808 2879 923 2950 decem,
950 2899 1018 2941 cum
1043 2877 1246 2957 Panegyrico,
1273 2882 1338 2948 dcc.

226 2973 387 3032 -Omissa
398 2973 548 3044 Fabricio,
562 2977 698 3054 quamvis
710 2976 845 3036 consulta
869 2975 973 3036 Curtio
993 2975 1094 3036 luerit.
1136 2974 1234 3034 Extat
1256 2995 1335 3053 quo-

227 3091 285 3150 que
300 3071 329 3130 in
344 3071 428 3132 Bibl.
446 3071 535 3132 Petr.
556 3071 630 3132 Aut.
644 3072 813 3134 (berenna.
855 3072 931 3135 Vid.
948 3075 1014 3153 ejus
1034 3072 1136 3132 Catal.
1149 3070 1224 3134 Vol.
1241 3087 1290 3144 nv.
1301 3094 1336 3154 p.

226 3173 346 3326 ”litu
368 3265 508 3342 Basileus,
531 3264 585 3325 iol.
608 3263 647 3326 G.
666 3266 765 3328 Plinii
790 3267 909 3328 Caecilii
934 3208 1066 3328 secundi
1090 3263 1337 3328 Novocomensis

226 3357 328 3438 (quem
338 3358 666 3438 etJunioremrocaut)
682 3359 883 3442 Epistolarum
897 3361 966 3420 libri
985 3379 1019 3422 x.
1034 3378 1178 3426 unacum
1193 3358 1334 3437 ejusdem

225 3457 418 3537 Panegyrica
443 3455 599 3526 Oratione,
624 3455 757 3536 Trojano
779 3457 957 3538 Imperatori
979 3455 1063 3534 Aug.
1086 3443 1187 3516 dicta:
1218 3455 1333 3526 Marias

225 3554 362 3616 Gatanaei
376 3553 595 3614 commentariis
607 3553 759 3636 hucusque
774 3545 1015 3636 depravatissimo
1023 3554 1123 3625 editis,
1137 3562 1332 3624 runcantem

223 3651 385 3731 integritati
395 3671 456 3712 suae
468 3651 621 3722 restitutis,
635 3652 878 3733 explicatasunt.
920 3650 1064 3730 Ejusdem
1083 3650 1122 3710 de
1136 3649 1273 3716 viriste
1297 3665 1332 3709 re
1441 3701 1442 3728 y

223 3750 344 3811 militari
357 3759 388 3811 et
400 3750 633 3811 administranda
645 3751 797 3832 republica
820 3749 991 3817 Illustribus
1006 3748 1091 3821 liber,
1111 3747 1244 3822 conradi
1266 3747 1330 3828 Ly-

223 3849 370 3908 costhenis
392 3849 625 3909 enarrationibus
647 3849 835 3910 illustratus..
869 3847 1009 3918 Basileae,
1031 3845 1330 3928 per.Hieronymum

225 3943 403 4006 Frobenium
416 3956 447 4006 et
460 3945 536 4008 Nic.
551 3947 837 4029 Episcopium.-In
859 3945 1036 4026 quibusdam
1058 3944 1174 4005 diversa
1196 3951 1241 4016 eat
1261 3943 1332 4012 haec.

223 4041 316 4102 editio
336 4033 464 4124 a'priori
491 4065 520 4106 a.
543 4051 633 4106 1533.
654 4045 708 4108 sed
728 4045 986 4108 textum-exhibet
1011 4043 1228 4116 conectiorem,
1252 4049 1345 4116 tauta.
1441 4097 1442 4112 .

225 4136 433 4221 Hambergero
444 4141 466 4202 l.
480 4161 556 4224 erp..
566 4148 642 4205 249.
