2896 4834
409 396 743 454 nssnoraroonurs
768 401 966 454 vsrnsuu.
1150 383 1242 456 m

137 577 140 584 ·
156 601 161 610 ,
174 533 263 606 roob
279 541 417 625 Upslae,
429 552 461 605 8.
475 544 544 606 Lat.
556 543 669 606 Paesti
682 540 830 626 Drepsnii
847 545 1067 627 Panegyricus,
1079 561 1149 608 cunr
1159 547 1240 608 notis

131 641 187 704 do.
201 641 356 704 Sobefferi.
398 641 503 703 Editio
512 642 628 703 auctior
639 651 731 722 atque
743 641 938 704 emendatior.
957 642 1010 704 Gi.
1022 663 1054 704 a.
1067 649 1158 704 1661.

142 763 147 770 ·
174 738 425 810 rociacum,
451 746 481 799 4.
510 738 550 801 Ο.
573 737 673 800 Plinii
699 739 903 820 Epistularum
926 739 993 803 libri
1015 757 1053 803 x.
1094 739 1243 820 Ejusdem·

133 837 345 917 Panegyricus
356 835 491 915 Trojano
502 835 612 906 dictos,
623 855 695 897 cunr
716 835 935 896 commentariis
949 835 1001 897 Jo.
1017 836 1125 898 Marisa
1146 837 1241 898 Cata·

133 934 206 995 nasi.
249 931 399 1013 Adjunoti
412 941 479 993 sunt
500 933 553 993 alii
572 933 613 993 od
631 931 706 994 alios
721 933 1134 1014 OmresPanegyrioi,-&o.
1174 934 1241 996 Ge-

132 1049 231 1100 nese,
255 1030 425 1110 sumptibus
444 1029 593 1090 Samuelis
618 1029 747 1093 Ghouet.
789 1030 872 1092 Hes
898 1031 991 1094 editio
1016 1031 1097 1092 idern
1123 1049 1243 1113 prorsus

50 1137 55 1147 '
129 1126 290 1208 exemplar
300 1126 402 1199 refert,
413 1127 494 1208 quod
509 1149 528 1188 a
543 1127 644 1189 Paulo
657 1127 810 1209 Stephano
824 1149 854 1190 o.
871 1129 960 1190 1601.
973 1149 1114 1190 excusum
1127 1137 1181 1192 est.

174 1257 217 1270 -
239 1223 390 1295 Salmnrii,
401 1232 453 1285 19.
467 1223 505 1285 Ο.
520 1225 616 1285 Plinii
628 1224 761 1286 Secundi
772 1225 1118 1307 Panegyricusijano
1130 1225 1241 1298 dictus.

128 1313 203 1382 curii
223 1323 443 1382 commentariis
451 1322 534 1382 Justi
548 1323 653 1404 Lipsii,
670 1325 763 1402 juxto
775 1324 919 1403 optimam
939 1322 990 1384 Jo.
1005 1323 1116 1384 Moreti
1134 1321 1243 1384 editio=

132 1437 213 1479 nem.
256 1418 382 1480 Notulis
393 1429 424 1480 et
435 1420 642 1480 emendatione
664 1419 836 1500 Tanaquilli
849 1419 951 1481 Fabri.
990 1419 1145 1491 Saluuii,
1158 1417 1245 1502 apud-

130 1515 186 1576 Jo.
217 1513 526 1577 memo-Hac
548 1516 640 1578 editio
658 1517 744 1578 nibil
757 1517 860 1588 babet,
880 1516 940 1588 nisi
963 1524 1053 1578 notas
1073 1515 1244 1598 lipsienses

134 1609 260 1673 Nomen
274 1611 366 1674 Febri
380 1634 401 1674 s
409 1613 576 1696 bibliopola
584 1633 638 1696 per
646 1614 750 1674 dolum
763 1613 911 1676 additum.

541 1921 545 1956 ἰ
578 1859 706 1926 mss
727 1860 795 1928 ru.

50 2021 56 2038 ·
175 2009 381 2088 Panegyricus
400 2007 497 2068 Plinii
518 2027 546 2070 c.
567 2027 599 2071 o.
618 2008 709 2071 Vari.
730 2008 771 2069 sd
796 2007 966 2089 exemplum
989 2007 1194 2072 Friscbmoni
1214 2031 1242 2078 s.

130 2106 329 2184 Berneggeri,
355 2101 408 2164 sed
429 2107 506 2166 notis
527 2105 619 2168 Dom.
642 2105 755 2166 Boudii
772 2114 891 2176 auctu,
914 2125 958 2165 ex
974 2105 1052 2168 offic.
1073 2105 1242 2170 Haclriaoa

133 2203 326 2282 lugdunensi
337 2201 784 2283 1676.prodiit‚Veenbusianae
793 2201 873 2283 Epp.
884 2201 1242 2282 o.n.Varr.jungendus.

135 2299 278 2380 Lipsiane
303 2299 394 2360 lectio
412 2287 505 2372 etiaim
527 2299 557 2358 in
576 2297 649 2360 edd.
671 2297 716 2360 G.
740 2297 779 2359 G.
794 2297 995 2360 Kirchrnaieri
1008 2305 1099 2364 1669.
1121 2299 1241 2366 Α.(111.

132 2395 243 2457 Rotbii
257 2403 348 2458 1696.
360 2404 394 2456 et
411 2395 512 2477 Gbpb.
535 2391 649 2468 Bebrii‚
673 2396 712 2457 ad
728 2395 948 2478 conjiciendum
970 2397 1149 2471 audacioris)
1173 2419 1241 2480 reg·

131 2503 187 2554 nat
200 2501 292 2558 1766.
305 2493 640 2574 squ-Panegyricum
654 2493 750 2554 Plinii
770 2505 837 2556 culn
856 2494 962 2554 ceteris
974 2493 1112 2574 Panegg.
1134 2493 1174 2560 ad
1191 2495 1240 2559 ed.

133 2591 237 2652 Paris.
251 2597 344 2651 1646.
356 2593 521 2672 expressos,
538 2611 608 2651 curn
630 2599 778 2672 apparatu
800 2591 895 2651 multo
915 2589 1071 2653 dedicavit
1083 2591 1241 2674 rDelphino

133 2687 205 2750 Jec.
220 2687 270 2750 De
283 2688 314 2748 la
328 2689 446 2760 Baune,
458 2687 512 2748 sed
524 2688 630 2752 critica
648 2687 763 2749 ratione
776 2687 955 2757 destitutus:
976 2689 1081 2768 itaque
1103 2690 1170 2768 ejus
1186 2709 1241 2752 oo·

131 2785 246 2847 lunrnre
259 2786 374 2847 consuli
388 2805 448 2846 non
470 2794 629 2846 merentur.
671 2785 800 2846 Redditi
812 2793 913 2846 tamen
925 2784 996 2846 inde
1008 2793 1079 2846 sunt
1096 2785 1242 2868 Panegye

132 2885 188 2944 rici
202 2893 263 2944 tarn
277 2883 318 2943 ab
333 2882 446 2962 Anglis
468 2883 584 2943 Oxouii
596 2889 687 2948 1677.
701 2892 733 2944 et
758 2889 847 2944 1666.
862 2902 952 2963 quam
968 2881 1002 2941 in
1019 2881 1147 2944 Batavis
1160 2881 1241 2966 Ani,-

133 2981 202 3042 stel.
218 2987 307 3044 1761.
320 2988 351 3040 et
363 2981 394 3040 in
410 2979 505 3040 Italia
517 2980 656 3042 Venetiis
668 2987 761 3046 1796.
803 2979 902 3041 Plinii
920 2979 973 3040 ille
986 2979 1107 3040 seorsim
1121 2987 1152 3039 et
1162 2979 1242 3041 notis

133 3077 227 3138 Varr.
250 3065 365 3140 auctior
388 3076 516 3138 londini
538 3084 629 3142 1716.
677 3077 819 3139 Universi
841 3077 882 3138 ad
905 3075 1060 3158 exemplar
1082 3075 1242 3138 Dnaconse

131 3181 228 3236 1696.
244 3176 339 3235 reousi
350 3183 420 3235 sunt
432 3161 561 3236 Viennae
577 3176 683 3238 Austr.
698 3181 787 3238 1664.
829 3174 989 3256 superarit
999 3193 1102 3236 omnes
1114 3173 1168 3236 bas
1181 3173 1242 3258 pri-

131 3291 221 3332 orum
235 3287 322 3332 ouras
334 3271 495 3344 Gellarius,
508 3291 569 3332 uon
582 3272 678 3333 solum
695 3271 869 3334 emendator
888 3271 1089 3332 Elaevirianaa
1102 3271 1242 3334 Boxbos·

133 3369 234 3428 nianae
254 3367 340 3432 Plio.
358 3369 476 3448 Paneg.
498 3376 588 3432 1696.
607 3389 699 3450 quarn
720 3379 916 3451 sequerentur
933 3371 1025 3431 etiam
1037 3368 1069 3430 J.
1084 3368 1242 3432 awos-

131 3465 246 3526 riclrius
258 3465 391 3547 etOssp.
403 3465 608 3547 Gottsobling',
621 3466 674 3528 sed
685 3475 717 3528 et
728 3468 866 3549 princeps
876 3483 962 3528 novae
972 3467 1150 3528 recensionis
1160 3475 1241 3528 oete·

129 3583 235 3623 rorum
248 3563 379 3623 omnium
392 3563 650 3644 Panegyricorum
672 3585 722 3626 an.
747 3571 836 3628 1706.
857 3583 917 3644 quo
936 3583 1015 3624 anno
1027 3563 1117 3623 etiarn
1127 3563 1158 3626 in
1171 3561 1241 3624 An-

135 3661 198 3740 glia
206 3659 265 3720 Tb.
276 3659 402 3720 Hearne
412 3660 571 3721 editionem
580 3661 803 3722 Eizevirianarn
816 3659 1000 3740 Panegyrici
1012 3659 1100 3720 Pliu.
1113 3667 1148 3720 at
1159 3659 1241 3742 Epp.

134 3759 280 3818 venerare
303 3758 393 3817 trium
407 3757 483 3820 Mas.
504 3758 665 3820 auctiorem
684 3757 771 3818 dedit
790 3757 908 3818 Oxonii
923 3761 1015 3820 1766.
1057 3753 1191 3817 Gellario
1208 3758 1240 3818 in

129 3845 261 3915 edendis
285 3853 425 3933 Penegg.
451 3863 541 3915 oratt.
562 3855 706 3916 successit
726 3853 815 3917 Laus.
838 3851 977 3924 Polemi,
1001 3852 1056 3934 qui
1074 3871 1129 3914 eas
1149 3856 1241 3927 notis,

135 3952 243 4023 numis,
257 3958 290 4010 et
309 3952 443 4010 versione
463 3971 542 4011 nova
561 3950 673 4012 Italica
696 3951 857 4014 illustratas
876 3948 972 4011 edidit
988 3947 1127 4011 venetiis
1146 3955 1241 4016 1766.

129 4049 303 4129 iterumque
315 4053 408 4111 1719.
447 4047 641 4110 'l'rrsineusenr
653 4047 961 4112 cumversioneGall.
969 4047 1090 4128 Paneg.
1105 4047 1241 4110 Pliniani

130 4144 378 4206 ascomannos
393 4145 434 4205 do
458 4146 560 4213 Quart
576 4151 667 4209 1794.
691 4145 886 4208 etVenetanr
899 4151 991 4210 1797.
1010 4143 1081 4209 'lla
1092 4143 1131 4207 de
1141 4145 1243 4266 Cc'vs

128 4251 269 4305 aceruus
271 4239 522 4326 ,splendidiorem
534 4251 851 4326 aetatemappeteotes.
1220 4266 1224 4275 ¹
