2896 4834
390 411 721 468 russorsroonurr
743 413 941 466 smenon.
1129 399 1220 468 2485

114 563 240 625 militari
261 571 295 623 et
310 562 341 622 in
366 559 599 622 adminisuanda
624 559 797 642 republica:
828 557 963 623 Suetonii
989 557 1158 640 'l'ranqm'lli
1180 559 1220 622 ds

115 657 690 728 OlarisGranrnsaticisetRbetoribus3
712 655 997 738 JuliiOhsequcutis
1008 655 1218 736 Prodigiorum

117 755 446 836 Liber.-Inrpre=um
467 753 627 814 Florentiae
647 770 738 836 opera
756 762 789 814 et
806 763 926 835 sumptu
946 753 1085 835 Philippi
1106 753 1219 816 Junte.

115 853 212 914 Auno
224 873 244 913 a
256 851 429 916 Natiriutte
445 867 529 916 nxv.
543 871 632 933 supra
643 851 738 923 mille,
751 871 848 911 mense
860 851 998 920 Octobri,
1009 849 1109 910 leone
1126 849 1219 912 Deci·

114 964 166 1011 mo
183 949 472 1012 Pontibus-Hm
492 948 637 1030 opuscula
657 947 709 1010 Jo.
732 949 840 1010 Franc.
865 948 969 1008 Zoilus
989 947 1137 1028 inscripsit
1161 947 1219 1010 Pr.

115 1046 283 1108 Francisco
288 1046 416 1117 Medici,
426 1048 490 1107 viru
498 1047 671 1120 clarissimo,
684 1055 727 1119 ct,
735 1046 787 1106 ubi
799 1045 987 1107 commendat
998 1044 1096 1105 Plinii
1107 1045 1218 1126 episto-

113 1143 172 1216 las,
184 1143 334 1224 professus
345 1154 400 1215 est,
410 1163 442 1204 se
455 1143 563 1206 librum
576 1145 666 1216 bunc,
677 1155 686 1182 ⁴
699 1144 801 1204 multis
823 1146 853 1204 iu
875 1163 967 1204 unum
983 1141 1103 1204 collatis
1114 1163 1217 1204 exem·

112 1241 258 1321 pleribus,
271 1242 393 1322 qualem
406 1244 547 1322 potuerit,
560 1241 754 1304 reformasse!
796 1240 892 1302 Sedis
903 1241 1088 1322 potissimum
1098 1249 1219 1302 secubo

111 1347 159 1399 est
184 1348 302 1399 textum
327 1337 488 1411 Aldinum,
513 1339 539 1399 si
566 1359 731 1420 perpaucas
754 1339 916 1400 radctates
939 1339 1086 1420 excipias.
1141 1337 1217 1399 vid.

113 1434 268 1497 Scbwarz.
283 1435 323 1495 ad
336 1436 366 1498 b.
381 1443 411 1496 a.

154 1541 237 1593 1518
257 1531 405 1600 Venetiis,
415 1539 446 1592 8.
467 1531 506 1592 Ο.
518 1531 617 1593 Plinii
627 1531 757 1592 Secundi
767 1530 1005 1592 Novocomensis
1013 1530 1216 1612 Epistularum

107 1629 178 1689 libri
186 1629 304 1699 decem,
318 1631 422 1708 (atque
433 1628 507 1700 alia,
523 1647 590 1709 quse
603 1630 693 1690 etiam
710 1629 741 1687 in
754 1627 833 1688 Aldi
855 1627 986 1688 editione
1006 1647 1035 1688 s.
1056 1635 1146 1691 1500.
1159 1630 1214 1690 ha·

109 1728 247 1804 bentnr,)
265 1725 413 1797 Veneriis,
432 1726 462 1784 in
475 1723 588 1786 aedibus
600 1724 678 1784 Aldi
690 1735 722 1785 et
734 1723 834 1786 Andr.
848 1723 980 1785 Asculani
997 1727 1104 1798 soceri,
1116 1747 1216 1789 meuse

108 1823 205 1883 Junio
225 1838 389 1882 srnxvur.
412 1820 513 1882 -Hac
526 1820 618 1881 editio
639 1841 780 1902 expressa
803 1821 911 1882 estad
937 1821 1098 1883 editionem
1125 1830 1215 1886 1500.

106 1921 164 1980 nisi
176 1918 259 2001 quod
268 1918 411 1978 nonnulle
420 1927 516 1979 errata
528 1919 778 1999 typographorum
790 1927 924 1980 consuta
935 1918 1054 1981 babeat.
1097 1919 1215 1982 Acces-

106 2026 211 2080 serunt
223 2018 340 2098 insuper
350 2015 451 2075 Index
459 2035 556 2075 renum
567 2016 802 2076 memorabilium
815 2025 848 2076 et
859 2017 1054 2097 propriorum,
1063 2026 1096 2078 et
1106 2017 1216 2080 Latina

107 2115 317 2194 interpretatio
337 2111 502 2172 dictionum
518 2119 550 2172 et
570 2112 781 2172 wutsntiauum
801 2111 986 2174 Graecarum.
1018 2112 1094 2174 Vid.
1110 2114 1214 2179 catal.

106 2209 148 2270 de
162 2209 323 2268 crevenno
331 2205 407 2267 Vol.
419 2222 467 2267 ιν.
481 2226 512 2287 p.
522 2213 593 2270 27¹1.

148 2313 239 2366 1510
254 2303 405 2374 Venetus,
428 2303 482 2363 iol.
509 2303 548 2364 C.
576 2303 674 2366 Plinii
694 2303 814 2365 coecilii
840 2303 973 2366 «iunioris
997 2303 1066 2366 libri
1090 2303 1213 2387 Episto-

105 2401 204 2462 larum
230 2421 348 2471 uorem,
368 2399 471 2461 addito
497 2420 576 2462 nunc
600 2411 633 2462 et
656 2401 786 2474 decimo,
812 2423 881 2465 cum
907 2402 1110 2484 Panegyrico,
1137 2404 1161 2465 i.
1181 2425 1212 2468 e.

106 2499 256 2570 Oratione
267 2498 306 2558 de
317 2496 457 2558 laudibus
468 2495 593 2576 Trajaui
604 2497 814 2579 Imperatoris:
836 2499 1214 2564 unacumluculentissima

103 2595 282 2656 somerio
304 2594 444 2656 camni
469 2595 655 2674 expositione
681 2596 728 2654 bis
751 2597 889 2656 omnibus
909 2596 994 2656 libris
1015 2597 1212 2676 adjuncta.—

107 2694 213 2760 Quam
226 2691 449 2770 diligentissime
461 2711 555 2772 nuper
566 2692 711 2771 recogniti
723 2691 910 2773 fideliterque
923 2693 1066 2774 impresi.
1108 2693 1211 2754 Vene-

104 2789 166 2860 tiis,
179 2809 235 2870 per
247 2786 543 2848 JoannemRubeum
556 2786 793 2859 Vercellensem‚
802 2807 880 2850 anno
892 2788 1016 2850 Domini
1029 2805 1209 2852 ssnxvrnr.

102 2885 155 2946 sne
176 2901 238 2946 xv.
253 2883 566 2946 noenum-nec
578 2884 671 2946 «ιιιιο
684 2887 843 2946 extumo
861 2885 1007 2967 spuere
1028 2887 1128 2948 habeo
1140 2905 1210 2946 oum
1271 2907 1276 2916 ·
1351 2865 1352 2872 ‘

103 2984 253 3063 prioribus
268 2981 405 3043 (latensi
421 2989 642 3059 congruentem,
666 2982 723 3042 nisi
745 2982 797 3042 ubi
814 2981 947 3044 Aldinus
963 2991 1106 3064 prestare
1130 2983 1211 3044 visus

101 3089 168 3140 est:
191 3080 222 3140 iu
237 3079 426 3158 Panegyrico
438 3078 558 3157 quidem
568 3079 601 3138 in
609 3079 885 3160 perpaucisrecedit
896 3081 936 3142 ab
948 3080 1079 3142 editione
1088 3080 1210 3142 Veneta

103 3199 134 3238 e.
155 3183 249 3238 1510.
291 3174 406 3236 Verum
420 3177 512 3236 etiam
532 3185 671 3257 putamus
690 3197 758 3240 earu
779 3197 853 3249 esse,
877 3198 968 3258 quarn
988 3176 1150 3240 Catanaeus
1162 3179 1209 3238 in-

101 3273 252 3356 scripserit
263 3272 284 3332 J
286 3293 331 3334 ac.
347 3264 503 3346 Ssdoleto,
515 3283 547 3336 et
563 3283 681 3336 secutus
693 3277 733 3336 sit
752 3275 824 3338 Jod.
847 3275 964 3338 Badius
976 3275 1141 3338 Ascensius
1157 3295 1208 3338 au.

103 3378 196 3432 1533.
219 3369 270 3430 Oi.
284 3369 362 3430 infre
374 3369 413 3430 ad
426 3370 457 3430 h.
469 3391 498 3432 a.

143 3475 228 3528 1520
251 3467 391 3539 Basileae,
405 3475 435 3530 4.
457 3467 652 3550 Panegyrici,
665 3469 812 3552 quotquot
823 3491 863 3532 ex
879 3461 1028 3534 vetustate
1041 3473 1207 3534 conservati

99 3565 359 3628 sunt.-Besileae
377 3585 432 3646 per
443 3564 494 3627 Jo.
510 3566 699 3642 Frobeuium,
723 3589 823 3630 mense
843 3569 1015 3641 Decembri,
1037 3589 1067 3630 a.
1087 3585 1206 3629 unxx.

100 3663 234 3724 -Huio
252 3663 376 3724 editioni
401 3662 543 3744 praefatus
563 3674 609 3726 est
629 3666 669 3726 B.
683 3666 860 3737 Rhenanus,
879 3668 965 3746 cujus
988 3663 1207 3726 emendationes

99 3761 207 3832 babet,
220 3781 279 3821 non
293 3760 414 3840 quidem
427 3781 466 3822 ex
478 3760 540 3822 Me.
550 3761 603 3822 sed
616 3785 654 3825 ex
669 3764 798 3843 ingenio,
813 3771 855 3832 et,
876 3771 910 3823 ut
932 3761 1059 3834 solebat,
1072 3763 1150 3822 inter
1162 3761 1205 3823 le·

99 3858 232 3938 gendum
245 3857 353 3918 lactas.
526 3935 532 3948 ἱ
795 3903 798 3910 .

140 3989 185 4002 -·-
205 3947 395 4034 Noumrg‘ae,
420 3964 451 4019 4.
474 3957 680 4038 Panegyricus
701 3958 771 4018 Caii
791 3957 887 4018 Plinii
911 3956 1041 4018 Secundi
1059 3955 1204 4018 Novoco-

96 4053 221 4122 mensis,
236 4050 367 4131 Trajano
385 4053 526 4134 Augusto
548 4054 656 4126 dictus,
678 4055 814 4136 Epistola
827 4053 1010 4116 dedicatoria
1023 4053 1203 4128 Philomusi,

99 4149 156 4228 (ad
173 4148 233 4210 Jo.·
248 4148 459 4230 Rudolphum,
481 4151 637 4214 Abbatem
656 4152 938 4234 Campidoneusem)
960 4171 1029 4213 cum
1051 4150 1321 4212 nonnullis·

97 4246 320 4308 nuuotsmentis
367 4248 584 4329 panegyristam
623 4248 711 4330 plane
748 4245 1202 4331 declarantibus-Impressum
