2888 4844
362 373 412 422 or
436 345 954 426 rsunor'nrorsrvrrnnrnus.
1119 357 1208 430 2472

102 515 224 582 inustio·
237 515 341 580 duxlt,
362 515 466 578 »Neur-
486 516 568 597 quon
593 516 648 578 sit*
662 517 835 590 Coloneus,
858 515 1014 582 Sidonium
1036 519 1085 579 sni
1105 520 1207 582 scculi

102 616 270 678 eruditione
283 623 456 680 contentum
469 614 572 686 luisse,
584 635 641 676 nec
659 615 756 676 Plinii
776 615 884 678 librum
904 615 1041 678 habuisse
1063 616 1140 678 intro
1159 633 1207 680 ιι·

104 714 201 780 ,ιιιιιιι
213 713 404 774 bibliothece
414 733 487 784 sune,
495 713 553 773 lroc
565 713 779 796 ineptissimum
790 721 852 774 est:
867 714 976 795 passim
985 712 1064 776 enim
1072 713 1212 778 Plinium

105 808 252 880 imitatur,
266 819 301 868 ut
312 818 456 870 notatum·
468 818 513 869 est
532 809 592 868 suis
608 808 682 870 locis
702 811 860 870 accurate?
901 809 1061 889 Vignolius
1082 811 1209 873 Marri!-

104 903 166 968 lius
177 905 269 966 Misc.
285 905 369 966 Hist.
389 907 512 968 Literni.
527 906 565 968 T.
580 923 637 967 ιιι.
651 927 682 986 p.
695 913 766 971 197.
822 907 889 968 ‘Le
913 906 1042 968 dixieme
1064 906 1137 968 livre
1157 907 1210 970 des

105 1001 282 1082 Epinesia
296 1002 393 1064 Jenns
406 1002 499 1064 Pline
519 1012 566 1063 est
585 1003 614 1062 le
634 1003 847 1066 chel-d’oeuvro
859 1003 897 1064 ds
914 1023 950 1065 ce
970 1003 1063 1083 grum
1079 1005 1210 1068 homme.

105 1097 162 1162 Sus
174 1109 277 1160 sumes
287 1099 390 1160 lettres
399 1099 502 1160 ontde
515 1100 642 1179 grandes
663 1101 797 1171 benutks,
810 1109 841 1160 et
861 1099 914 1161 des
937 1103 1090 1180 sptnern
1110 1101 1209 1181 singu·

104 1196 176 1260 lisrs
189 1217 265 1277 pour
284 1195 329 1258 les
341 1197 474 1278 gensqui
487 1197 650 1260 simentles
661 1197 890 1258 belles-lettres:
911 1198 986 1258 meis
997 1197 1144 1270 celles-ci,
1158 1199 1211 1280 qui
1234 1255 1237 1262 .

107 1294 266 1372 rependent
279 1293 309 1354 le
321 1295 480 1365 ministere,
504 1304 572 1354 sont
591 1294 835 1376 incompcrnbles,
849 1294 1097 1376 principalement
1109 1296 1210 1376 quend

106 1390 182 1452 elles
201 1411 234 1450 se
251 1400 389 1454 trouvent
402 1392 635 1472 nocompegntes
655 1391 708 1452 dos
720 1392 858 1472 repenses
874 1391 912 1452 de
926 1389 1051 1472 Trejnn,
1073 1392 1125 1472 qui
1146 1390 1211 1454 leur

107 1497 319 1569 apportentur
334 1487 427 1566 grond
440 1487 540 1550 luntre.
582 1487 699 1550 lemeis
711 1489 775 1550 rien
793 1507 830 1548 ne
843 1488 903 1548 m'e
916 1477 973 1548 init
985 1487 1085 1548 mieux
1102 1507 1209 1550 conce·

108 1585 174 1648 noir
190 1605 229 1646 oc
246 1605 305 1664 que
326 1583 371 1650 les
386 1583 534 1646 Romeins
555 1583 724 1666 appeloient
740 1583 960 1666 ‘Imperatoris
980 1583 1130 1653 breritss,'
1151 1603 1211 1664 que

107 1701 159 1746 ces
179 1682 317 1762 repenses
328 1681 353 1742 si
373 1683 479 1742 buires
499 1689 531 1742 et
543 1681 568 1741 si
580 1701 674 1761 suges.
714 1680 749 1742 si
762 1681 806 1742 les
828 1701 898 1763 puis
910 1680 1014 1762 esprits
1025 1697 1058 1742 se
1071 1679 1212 1742 melotem

107 1777 242 1848 d'ecrire,
270 1777 307 1838 ils
329 1777 516 1840 n'tcriroient
538 1797 593 1858 pss
612 1785 787 1841 entrement.
830 1777 914 1844 Glest
939 1777 970 1838 li
991 1775 1021 1838 le
1046 1776 1114 1858 plus
1136 1777 1212 1840 linui

109 1874 194 1955 point
205 1871 244 1934 de
256 1872 287 1934 le
298 1873 486 1954 perlection.'.
510 1927 515 1932 .
526 1873 659 1934 Omnino
673 1873 760 1934 eliter
772 1873 961 1936 scribendum
972 1875 1006 1937 in
1024 1874 1122 1936 causis
1135 1875 1211 1958 pub·

111 1969 178 2034 licis
189 1969 271 2034 etnd
283 1970 440 2050 principes,
452 1989 550 2050 quom
571 1969 611 2032 sd
634 1971 775 2051 privatos,
788 1971 878 2032 etism
897 1991 965 2032 oum
988 1971 1099 2050 ingenii
1120 1989 1213 2034 ceusu

111 2068 265 2136 scribitur:
287 2073 391 2146 estque
405 2067 436 2126 in
449 2065 502 2126 illo
515 2087 619 2145 genere
632 2067 675 2126 nil
690 2067 851 2148 perfectius
864 2067 1004 2148 exemplo
1016 2067 1172 2132 Plininno,

153 2163 256 2226 Mults
267 2183 337 2227 vero
349 2162 412 2225 alie
429 2164 546 2244 scripsit
566 2163 698 2235 Plinius,
712 2173 746 2224 ut
767 2163 859 2224 libros
878 2163 916 2223 de
940 2162 1048 2225 Helvii
1074 2165 1212 2245 Ultione,

113 2279 238 2342 quorum
251 2260 363 2320 mentio
374 2275 442 2328 ru,
453 2267 504 2325 30.
520 2276 571 2320 rx.
581 2265 679 2324 1³..et
692 2260 861 2331 Orationes,
874 2280 892 2320 e
905 2261 1014 2340 quibus
1026 2262 1088 2341 ipse
1109 2261 1214 2324 laudnt
1228 2279 1234 2296 ¹

114 2357 275 2423 Actionem
286 2377 339 2438 pro
351 2357 444 2422 noeis
457 2356 596 2428 Variola,
610 2371 659 2416 ιι.
673 2363 723 2418 33.
745 2377 762 2418 ι
784 2377 844 2438 quc
864 2355 1005 2420 Sidonius
1019 2357 1117 2439 Epist.
1133 2371 1214 2422 rur.

113 2461 164 2518 lu.
176 2455 232 2526 sit,
245 2473 313 2514 eum
327 2454 394 2534 plus
406 2453 506 2532 gloriae
516 2453 555 2516 de
565 2454 770 2518 centumvirali
782 2463 921 2534 suggestu
934 2454 1056 2516 domum
1068 2455 1215 2536 retulisse,

112 2571 202 2632 quem
214 2571 283 2612 cum
297 2550 345 2612 M.
360 2550 456 2630 Ulpio
466 2550 625 2631 (Tchano)
634 2550 861 2633 incomparabili
873 2551 1010 2632 Principi
1026 2553 1213 2631 comparebi-

113 2650 173 2712 lem
188 2647 398 2728 panegyricum
410 2646 539 2718 dixerit;
563 2647 737 2710 Orationem
747 2647 786 2710 cd
802 2648 971 2728 Municipes
991 2668 1068 2720 suos,
1085 2667 1154 2708 cum
1167 2649 1213 2710 bi·

113 2744 294 2808 lrliothecnm
316 2743 480 2816 dedicaret,
495 2761 519 2804 1.
534 2752 563 2805 θ.
576 2752 608 2808 ιι
622 2761 663 2808 ιι.
676 2752 707 2806 ι.
749 2744 845 2805 Vnrin
866 2743 967 2806 itidem
981 2744 1053 2806 lusit
1072 2746 1213 2819 carmine,

113 2850 175 2904 tum
189 2840 312 2912 urceo,
326 2861 415 2921 quem
430 2839 551 2914 Latino,
562 2840 719 2921 dequibus
730 2840 799 2904 vide
812 2856 876 2900 v11.
889 2847 920 2903 4.
962 2839 1024 2902 Sed
1046 2840 1101 2902 illn
1115 2843 1216 2907 omnis

114 2937 229 3018 pridem
238 2936 463 3000 interciderunt.
870 2957 876 2967 ¹
1296 3010 1304 3026 ·

155 3033 281 3100 Quanta
293 3053 365 3096 curn
377 3041 409 3094 et
428 3033 585 3114 diligentis
604 3034 635 3096 in
648 3031 803 3094 scribendo
816 3053 885 3094 usus
906 3032 1006 3107 luerit,
1028 3036 1093 3116 ipsc
1113 3043 1215 3098 auctor

115 3137 159 3191 ιιι
174 3135 311 3196 v11.,17.,
322 3129 361 3190 nd
377 3128 533 3192 Celerem:
555 3129 706 3198 ‘Nullum
724 3129 902 3196 emendandi
921 3151 1012 3210 genus
1037 3131 1152 3204 omitto,
1177 3149 1216 3194 uc

113 3225 239 3306 primum
252 3245 321 3305 quoe
333 3227 449 3308 scripsi,
467 3228 532 3308 ipse
541 3237 703 3309 pertrnoto,
715 3227 824 3288 deinde
837 3228 954 3290 duobus
966 3237 1018 3290 ιιι
1032 3230 1125 3292 tribus
1138 3229 1218 3312 lego,

114 3342 186 3387 mox
199 3311 268 3384 eliis
289 3322 375 3384 tundo
394 3324 575 3398 annotando,
597 3333 741 3405 notasque
763 3345 876 3398 eorum,
895 3327 919 3385 si
937 3325 1054 3399 dubito,
1067 3346 1136 3388 cum
1157 3345 1217 3386 uno

114 3439 214 3484 rursus
223 3426 281 3484 ‚eut
293 3417 394 3482 altero,
408 3423 535 3502 pensito,
556 3441 594 3486 ao
618 3421 738 3504 siquid
759 3423 831 3486 mihi
853 3423 960 3496 credis,
985 3423 1218 3488 tuncncerrime

113 3514 257 3579 emendo:
303 3535 372 3580 nom
398 3525 483 3578 tanto
508 3519 681 3600 diligentius
702 3529 815 3601 quanto
840 3519 986 3580 solicitius
1010 3518 1142 3580 intendo.
1157 3561 1166 3580 .
1180 3558 1215 3582 ..

116 3611 227 3692 Cogito
239 3632 331 3692 quom
350 3614 393 3676 sit
410 3635 550 3695 magnum
574 3616 645 3678 dare
663 3616 778 3698 aliquid
795 3617 825 3676 in
849 3636 952 3676 munus
974 3615 1136 3686 homiuum,
1161 3633 1217 3676 uec
1272 3639 1275 3645 ¹

116 3708 294 3790 persuadere
308 3710 380 3772 milri
393 3732 521 3793 possum
535 3734 594 3774 non
607 3723 640 3776 et
660 3733 728 3776 cum
746 3712 847 3772 multis
864 3721 895 3772 et
914 3731 992 3793 sepe
1015 3709 1217 3777 tractandum,

8 3877 9 3884 p
116 3806 196 3886 quod
207 3805 324 3888 placere
336 3817 369 3868 et
380 3829 497 3892 semper
508 3819 539 3871 et
552 3811 688 3872 omnibus
700 3809 824 3891 cupies!
836 3817 840 3825 '

8 4145 10 4164 r

8 4187 10 4226 l

8 4245 9 4272 l

81 4087 86 4098 .
198 4039 291 4100 Liber
305 4039 341 4102 de
356 4041 436 4101 Viris
452 4038 639 4111 illustribus,
655 4047 685 4101 et
703 4039 871 4101 Allercntio
885 4057 950 4100 cum
967 4025 1126 4100 Hadriano

455 4136 529 4219 Imp.
544 4137 618 4197 mole
630 4137 747 4198 tributo
766 4136 882 4198 Plinio.

152 4264 273 4350 saepius
289 4289 407 4356 quoquc
424 4267 514 4332 etism
534 4266 646 4336 inedd.
669 4266 879 4350 antiquissimis
901 4265 956 4330 sub
979 4261 1077 4339 Plinii
1101 4259 1216 4325 nominc
