2896 4834
377 368 708 420 raumrnruuuurr
735 366 932 416 varunna.
1111 351 1199 420 2505

139 715 360 783 Hucuunus
385 713 569 798 Bipmtini.
611 709 810 776 Notandum
832 730 912 776 veru
940 720 1004 790 est,
1033 665 1200 778 Notitiam

98 819 302 888 lsiterariam
324 817 582 900 Bipontinorum
604 813 679 899 jam
700 815 839 892 dictam,
864 822 935 880 tam
957 816 1001 880 ad
1027 815 1201 900 Epistulas

98 924 215 1000 Plinii,
229 939 298 986 una
312 941 393 986 cum
408 918 569 984 Oratione
584 918 806 1002 Panegyrico,
820 938 921 1004 quam
935 919 980 983 ad
995 919 1081 984 alios
1096 921 1202 986 unde·

97 1027 165 1092 cim
180 1027 366 1108 scriptores
381 1023 607 1108 Panegyricos
622 1029 791 1106 spectare.
833 1021 950 1086 Editio
957 1023 1059 1106 igitur
1073 1022 1203 1106 Bipon-

97 1131 169 1193 tina
179 1129 243 1193 has
258 1145 375 1192 omues
389 1127 520 1210 publici
525 1124 616 1210 juris
626 1125 765 1190 lecerat.
809 1125 899 1190 Hac
908 1129 1023 1190 nostra
1037 1145 1118 1190 vero
1131 1128 1201 1192 edi·

96 1233 146 1297 tio
159 1237 218 1296 est
232 1228 473 1312 Delphiniana,
487 1249 564 1312 qnae
578 1229 663 1292 inter
676 1227 855 1292 duodecim
869 1225 1035 1294 Veterum
1051 1227 1202 1315 Panegy-

97 1330 643 1402 ricurumcancellossecoiircet.
668 1329 785 1394 Nostri
793 1330 895 1414 igitur
905 1329 1008 1396 officii
1018 1351 1083 1396 uon
1093 1343 1155 1412 est,
1164 1343 1205 1400 ut

99 1437 259 1514 antehac,
284 1435 453 1500 Notitiam
483 1434 686 1499 Literariam
710 1433 969 1518 Bipontinorum
995 1434 1204 1517 pedetentim

99 1540 211 1624 sequi,
232 1537 362 1622 quippe
378 1537 482 1601 Plinii
497 1535 660 1620 Epistole
675 1535 719 1600 ad
730 1535 911 1602 editionem
922 1535 1205 1622 Panegyricomm

99 1643 264 1708 Veterum
277 1639 362 1704 nihil
375 1640 529 1704 attinent

142 1743 396 1831 Argent1520.
410 1743 488 1808 Suo.
514 1742 620 1806 Plinii
634 1741 880 1826 Panegyricum
901 1744 1086 1808 orationem
1108 1766 1205 1828 sepa-

99 1847 199 1912 ratim
212 1844 257 1910 ab
272 1843 439 1927 Epistolis
454 1844 513 1910 dat
521 1843 596 1910 haac
610 1843 715 1908 editio
726 1845 866 1928 antiqua
877 1844 902 1910 J
904 1866 937 1910 o·
946 1846 1112 1912 Iuchneri
1125 1848 1205 1914 Phi·

99 1949 250 2016 lomusi:
271 1947 379 2012 multa
391 1947 528 2013 deducit
541 1967 588 2012 ex
604 1946 785 2012 Puteolani
799 1955 837 2012 et
850 1949 1013 2016 Beroaldi
1027 1953 1207 2036 exemplis,

100 2053 193 2118 etin
213 2049 364 2132 margine
384 2049 521 2116 exhibet
541 2049 656 2116 varias
674 2049 852 2128 lectiones,
872 2057 908 2116 at
926 2055 997 2118 m'ne
1017 2056 1207 2120 numinibus

7 2193 8 2200 1
100 2157 264 2222 librorum
277 2159 311 2218 et
324 2159 501 2218 aucturum
515 2151 605 2216 unde
617 2152 779 2216 derivatae
794 2158 882 2216 sunt
930 2193 937 2200 -

7 2279 8 2282 ¹
146 2256 331 2322 Varinrum
356 2253 577 2340 Panegyricae
598 2253 781 2318 Orationes
802 2254 848 2318 ad
866 2255 1033 2336 diversos,
1055 2259 1091 2322 in
1113 2261 1209 2326 calce

101 2363 183 2430 libri
190 2359 285 2444 apud
294 2358 405 2424 Heur.
417 2358 641 2442 Stephanum,
650 2377 728 2424 cum
739 2358 831 2422 notis
842 2359 930 2425 Mus.
943 2359 968 2426 J
969 2363 1090 2446 osepbi
1099 2364 1210 2432 Scali-

19 2519 23 2524 .
103 2466 187 2552 geri.
232 2461 277 2528 Iu
294 2461 405 2545 prima
425 2461 550 2546 pagina
562 2461 779 2547 praefiguntur
800 2461 877 2526 haec
891 2464 1016 2531 umba:
1039 2466 1121 2532 ‘Ex
1136 2469 1209 2534 bib

104 2569 255 2636 liothcca
271 2564 495 2631 illustrissimi
516 2565 579 2630 viri
603 2564 745 2648 Josephi
768 2565 943 2648 scaligeri,
968 2569 1068 2652 cujus
1089 2591 1211 2636 manus

7 2743 8 2752 χ
105 2671 288 2738 exhibetur
314 2666 454 2752 passim.
498 2665 582 2730 Sum
607 2665 747 2731 Nicolai
768 2666 904 2732 Heiusii
933 2668 981 2733 D.
1007 2670 1059 2734 F?
1084 2671 1162 2736 tivo.
1177 2679 1211 2738 et

106 2775 221 2842 Paris.
234 2771 335 2838 160⁰.
348 2772 418 2836 uo.
432 2768 596 2834 Bibliotb.
610 2769 713 2833 Bodl.

150 2876 258 2944 Plinii
283 2873 524 2958 Panegyricus,
546 2870 691 2956 Anglice
712 2890 844 2949 versus,
864 2890 887 2936 a
906 2871 996 2938 Rob.
1020 2876 1211 2962 Stapylton,

108 2981 237 3047 Milite.
263 2977 378 3044 Oxou.
394 2975 493 3042 1644.
507 2977 576 3039 tto.

150 3072 510 3164 PliniiPanegyricus,
521 3097 598 3142 cum
606 3076 702 3142 Justi
712 3076 823 3162 Lipsii
832 3081 1080 3146 commentario.
1096 3081 1211 3148 Oxou.
1244 3113 1254 3126 ·

110 3185 210 3252 1662.
226 3183 340 3250 l2mo.

7 3303 9 3336 i
154 3287 292 3352 Plinius
311 3305 389 3350 cum
411 3284 490 3348 aliis
510 3281 742 3367 Panegyricis.
786 3283 894 3366 bugd.
910 3283 989 3349 Bat.
1013 3286 1110 3352 1669.
1135 3289 1214 3356 evo.

108 3389 203 3456 luter
217 3390 374 3454 meliores
388 3385 550 3452 editiones
568 3392 721 3450 numerat
742 3385 920 3452 Fabricius
940 3387 1213 3458 Veenbusianam

110 3497 148 3572 (a
176 3492 236 3558 Jo.
262 3487 492 3574 Veenbusio),
516 3509 594 3574 quae
615 3489 871 3556 observationes
894 3489 998 3556 variis
1023 3495 1214 3558 auctoribus

109 3603 305 3680 excerptas,
320 3600 357 3660 et
379 3591 466 3658 alias
488 3590 548 3657 Jo.
567 3590 730 3657 Gronovii
747 3592 937 3679 adjunctus,
956 3591 1102 3658 exhibet.
1147 3595 1215 3660 Fa·

111 3699 212 3765 bricii
229 3697 393 3762 Bibliotb.
407 3694 484 3760 Lat.
500 3695 633 3770 Ernest·
647 3695 716 3760 vol.
733 3711 758 3760 1·
773 3715 807 3779 p.
822 3696 902 3760 415.

155 3781 550 3894 ΡΜθέΥήὸοᾷ-Ἷάθωε
569 3799 842 3884 interpretatione
864 3806 901 3864 et
918 3800 1008 3864 notis
1029 3800 1217 3870 illustravit
1333 3838 1338 3851 ·

112 3905 192 3970 Jac.
207 3904 313 3969 Dela
327 3887 500 3968 Bauucad
511 3921 611 3968 usum
623 3903 804 3988 Delphini:
826 3903 965 3969 auuiest
982 3902 1080 3970 1676.
1091 3917 1216 3987 nou,ut

114 4008 302 4094 Bipontini,
323 4006 420 4070 1677.
450 4005 548 4082 ‚Non
568 4007 682 4090 magni
696 4027 757 4090 per
778 4027 818 4073 sc
838 4008 1024 4072 aestimatur
1036 4007 1110 4073 hmo
1125 4010 1215 4076 Bau-

113 4113 215 4176 uiana
237 4109 531 4176 editiozuraculis
553 4110 806 4194 typographicis
824 4116 947 4188 scatet,
969 4131 1046 4196 quar
1069 4133 1162 4192 vero,
1181 4117 1217 4182 in

115 4213 181 4278 hac
196 4217 312 4278 nostra
325 4210 489 4292 editione,
504 4219 687 4291 accuratae,
700 4220 738 4278 ut
751 4233 934 4298 speramus,
949 4215 1167 4281 invenientur.

183 4329 273 4393 Delpb.
285 4335 310 4380 et
326 4328 384 4380 Vur.
396 4330 463 4382 cur.
610 4331 705 4393 Purg.
723 4331 777 4381 Vel.
1100 4337 1115 4382 1
1125 4333 1151 4382 X
