<?xml version="1.0" encoding="UTF-8"?>
<!DOCTYPE html PUBLIC "-//W3C//DTD XHTML 1.0 Transitional//EN"
    "http://www.w3.org/TR/xhtml1/DTD/xhtml1-transitional.dtd">
<html xmlns="http://www.w3.org/1999/xhtml" xml:lang="en" lang="en">
 <head>
  <title>
</title>
<meta http-equiv="Content-Type" content="text/html;charset=utf-8" />
  <meta name='ocr-system' content='tesseract 3.04.00' />
  <meta name='ocr-capabilities' content='ocr_page ocr_carea ocr_par ocr_line ocrx_word'/>
</head>
<body>
  <div class='ocr_page' id='page_1' title='image "./panegyriciveter04baungoog_0286.png"; bbox 0 0 2896 4834; ppageno 0'>
   <div class='ocr_carea' id='block_1_1' title="bbox 397 381 1229 452">
    <p class='ocr_par' dir='ltr' id='par_1_1' title="bbox 397 381 1229 452">
     <span class='ocr_line' id='line_1_1' title="bbox 397 381 1229 452; baseline -0.006 -4"><span class='ocrx_word' id='word_1_1' title='bbox 397 399 735 450; x_wconf 78' lang='lat' dir='ltr'>rruacrnrcosurr</span> <span class='ocrx_word' id='word_1_2' title='bbox 758 399 954 448; x_wconf 81' lang='lat' dir='ltr'>vararurr.</span> <span class='ocrx_word' id='word_1_3' title='bbox 1139 381 1229 452; x_wconf 69' lang='grc'>2193</span> 
     </span>
    </p>
   </div>
   <div class='ocr_carea' id='block_1_2' title="bbox 68 531 1293 3839">
    <p class='ocr_par' dir='ltr' id='par_1_2' title="bbox 68 531 1276 1499">
     <span class='ocr_line' id='line_1_2' title="bbox 126 531 1229 622; baseline -0.004 -16"><span class='ocrx_word' id='word_1_4' title='bbox 126 531 291 606; x_wconf 61' lang='lat' dir='ltr'>sumtum</span> <span class='ocrx_word' id='word_1_5' title='bbox 304 543 508 606; x_wconf 69' lang='lat' dir='ltr'>murreum</span> <span class='ocrx_word' id='word_1_6' title='bbox 521 541 660 604; x_wconf 61' lang='lat' dir='ltr'>aare»</span> <span class='ocrx_word' id='word_1_7' title='bbox 672 547 761 602; x_wconf 74' lang='lat' dir='ltr'>rura</span> <span class='ocrx_word' id='word_1_8' title='bbox 775 541 805 600; x_wconf 76' lang='grc' dir='ltr'>ιι</span> <span class='ocrx_word' id='word_1_9' title='bbox 825 541 915 600; x_wconf 74' lang='lat' dir='ltr'>suro</span> <span class='ocrx_word' id='word_1_10' title='bbox 928 541 1229 622; x_wconf 59' lang='lat' dir='ltr'>rimamus</span> 
     </span>
     <span class='ocr_line' id='line_1_3' title="bbox 125 638 1230 721; baseline -0.002 -17"><span class='ocrx_word' id='word_1_11' title='bbox 125 644 194 704; x_wconf 83' lang='lat' dir='ltr'>(ianr</span> <span class='ocrx_word' id='word_1_12' title='bbox 212 644 253 704; x_wconf 84' lang='lat' dir='ltr'>ad</span> <span class='ocrx_word' id='word_1_13' title='bbox 263 643 491 702; x_wconf 82' lang='lat' dir='ltr'>vetustian&#39;nrrrm</span> <span class='ocrx_word' id='word_1_14' title='bbox 503 640 659 721; x_wconf 81' lang='lat' dir='ltr'>exemplar</span> <span class='ocrx_word' id='word_1_15' title='bbox 671 638 872 710; x_wconf 86' lang='lat' dir='ltr'>emendatum,</span> <span class='ocrx_word' id='word_1_16' title='bbox 884 638 937 698; x_wconf 84' lang='lat' dir='ltr'>ssri</span> <span class='ocrx_word' id='word_1_17' title='bbox 947 639 1129 719; x_wconf 82' lang='lat' dir='ltr'>scriptrrrnno</span> <span class='ocrx_word' id='word_1_18' title='bbox 1141 639 1230 702; x_wconf 82' lang='lat' dir='ltr'>inerit</span> 
     </span>
     <span class='ocr_line' id='line_1_4' title="bbox 126 736 1230 818; baseline -0.001 -17"><span class='ocrx_word' id='word_1_19' title='bbox 126 763 166 801; x_wconf 90' lang='lat' dir='ltr'>arr</span> <span class='ocrx_word' id='word_1_20' title='bbox 179 761 322 802; x_wconf 74' lang='lat' dir='ltr'>enom</span> <span class='ocrx_word' id='word_1_21' title='bbox 334 739 422 809; x_wconf 83' lang='lat' dir='ltr'>iiimi,</span> <span class='ocrx_word' id='word_1_22' title='bbox 434 738 515 800; x_wconf 85' lang='lat' dir='ltr'>band</span> <span class='ocrx_word' id='word_1_23' title='bbox 534 737 661 808; x_wconf 80' lang='lat' dir='ltr'>indicat,</span> <span class='ocrx_word' id='word_1_24' title='bbox 675 737 798 818; x_wconf 76' lang='lat' dir='ltr'>pniobre</span> <span class='ocrx_word' id='word_1_25' title='bbox 809 745 910 798; x_wconf 78' lang='lat' dir='ltr'>tanen</span> <span class='ocrx_word' id='word_1_26' title='bbox 930 745 963 798; x_wconf 83' lang='lat' dir='ltr'>et</span> <span class='ocrx_word' id='word_1_27' title='bbox 980 736 1114 798; x_wconf 84' lang='lat' dir='ltr'>modeste</span> <span class='ocrx_word' id='word_1_28' title='bbox 1125 737 1230 800; x_wconf 83' lang='lat' dir='ltr'>iectio-</span> 
     </span>
     <span class='ocr_line' id='line_1_5' title="bbox 127 833 1229 917; baseline 0 -19"><span class='ocrx_word' id='word_1_29' title='bbox 127 857 195 898; x_wconf 81' lang='lat' dir='ltr'>nem</span> <span class='ocrx_word' id='word_1_30' title='bbox 206 837 355 905; x_wconf 74' lang='lat' dir='ltr'>conexitr</span> <span class='ocrx_word' id='word_1_31' title='bbox 375 837 544 917; x_wconf 75' lang='lat' dir='ltr'>pariterque</span> <span class='ocrx_word' id='word_1_32' title='bbox 558 834 738 916; x_wconf 79' lang='lat' dir='ltr'>Grypbiaua</span> <span class='ocrx_word' id='word_1_33' title='bbox 755 850 813 896; x_wconf 87' lang='grc' dir='ltr'>ιιι.</span> <span class='ocrx_word' id='word_1_34' title='bbox 829 834 886 896; x_wconf 87' lang='lat' dir='ltr'>sub</span> <span class='ocrx_word' id='word_1_35' title='bbox 907 833 987 894; x_wconf 83' lang='lat' dir='ltr'>iriam</span> <span class='ocrx_word' id='word_1_36' title='bbox 1000 843 1118 915; x_wconf 83' lang='lat' dir='ltr'>tempus</span> <span class='ocrx_word' id='word_1_37' title='bbox 1127 856 1229 898; x_wconf 74' lang='lat' dir='ltr'>onon-</span> 
     </span>
     <span class='ocr_line' id='line_1_6' title="bbox 124 931 1276 1013; baseline 0.002 -19"><span class='ocrx_word' id='word_1_38' title='bbox 124 935 200 996; x_wconf 85' lang='lat' dir='ltr'>data</span> <span class='ocrx_word' id='word_1_39' title='bbox 210 944 267 996; x_wconf 84' lang='lat' dir='ltr'>eat.</span> <span class='ocrx_word' id='word_1_40' title='bbox 308 934 351 996; x_wconf 89' lang='grc' dir='ltr'>Ρ.</span> <span class='ocrx_word' id='word_1_41' title='bbox 364 933 486 994; x_wconf 76' lang='lat' dir='ltr'>Navius</span> <span class='ocrx_word' id='word_1_42' title='bbox 498 933 754 1013; x_wconf 72' lang='lat' dir='ltr'>Panegyricum</span> <span class='ocrx_word' id='word_1_43' title='bbox 764 931 861 994; x_wconf 83' lang='lat' dir='ltr'>aditor</span> <span class='ocrx_word' id='word_1_44' title='bbox 876 932 908 992; x_wconf 93' lang='lat' dir='ltr'>in</span> <span class='ocrx_word' id='word_1_45' title='bbox 920 931 1101 1012; x_wconf 78' lang='lat' dir='ltr'>Grypbinna</span> <span class='ocrx_word' id='word_1_46' title='bbox 1109 933 1231 996; x_wconf 82' lang='lat' dir='ltr'>Veneta</span> <span class='ocrx_word' id='word_1_47' title='bbox 1272 953 1276 970; x_wconf 89' lang='grc'><em>·</em></span> 
     </span>
     <span class='ocr_line' id='line_1_7' title="bbox 126 1029 1231 1109; baseline -0.001 -15"><span class='ocrx_word' id='word_1_48' title='bbox 126 1031 389 1096; x_wconf 65' lang='lat' dir='ltr'>limieotim</span> <span class='ocrx_word' id='word_1_49' title='bbox 408 1031 572 1092; x_wconf 65' lang='lat' dir='ltr'>Pumoiani</span> <span class='ocrx_word' id='word_1_50' title='bbox 588 1041 622 1092; x_wconf 89' lang='lat' dir='ltr'>et</span> <span class='ocrx_word' id='word_1_51' title='bbox 636 1030 785 1092; x_wconf 79' lang='lat' dir='ltr'>Aidiuarn</span> <span class='ocrx_word' id='word_1_52' title='bbox 804 1031 951 1109; x_wconf 76' lang='lat' dir='ltr'>corrigere</span> <span class='ocrx_word' id='word_1_53' title='bbox 973 1029 1097 1102; x_wconf 81' lang='lat' dir='ltr'>studuit,</span> <span class='ocrx_word' id='word_1_54' title='bbox 1118 1032 1231 1093; x_wconf 90' lang='lat' dir='ltr'>nullius</span> 
     </span>
     <span class='ocr_line' id='line_1_8' title="bbox 125 1125 1230 1210; baseline 0.002 -22"><span class='ocrx_word' id='word_1_55' title='bbox 125 1128 609 1210; x_wconf 69' lang='lat' dir='ltr'>bisanziiiopraetmiarpressos</span> <span class='ocrx_word' id='word_1_56' title='bbox 623 1128 805 1188; x_wconf 72' lang='lat' dir='ltr'>iibrusum</span> <span class='ocrx_word' id='word_1_57' title='bbox 854 1125 967 1207; x_wconf 83' lang='lat' dir='ltr'>Neque</span> <span class='ocrx_word' id='word_1_58' title='bbox 990 1126 1038 1190; x_wconf 88' lang='lat' dir='ltr'>H.</span> <span class='ocrx_word' id='word_1_59' title='bbox 1058 1127 1230 1210; x_wconf 78' lang='lat' dir='ltr'>Stephanus</span> 
     </span>
     <span class='ocr_line' id='line_1_9' title="bbox 68 1221 1230 1307; baseline 0.001 -20"><span class='ocrx_word' id='word_1_60' title='bbox 68 1301 71 1306; x_wconf 25' lang='grc' dir='ltr'>Ι</span> <span class='ocrx_word' id='word_1_61' title='bbox 126 1221 226 1288; x_wconf 78' lang='lat' dir='ltr'>Plinii</span> <span class='ocrx_word' id='word_1_62' title='bbox 238 1225 334 1286; x_wconf 87' lang='lat' dir='ltr'>aditor</span> <span class='ocrx_word' id='word_1_63' title='bbox 355 1245 450 1286; x_wconf 79' lang='lat' dir='ltr'>nom</span> <span class='ocrx_word' id='word_1_64' title='bbox 469 1232 560 1286; x_wconf 75' lang='grc'><strong>1591.</strong></span> <span class='ocrx_word' id='word_1_65' title='bbox 578 1245 664 1306; x_wconf 75' lang='lat' dir='ltr'>mque</span> <span class='ocrx_word' id='word_1_66' title='bbox 675 1226 707 1286; x_wconf 91' lang='lat' dir='ltr'>iu</span> <span class='ocrx_word' id='word_1_67' title='bbox 722 1223 925 1304; x_wconf 71' lang='lat' dir='ltr'>Panegyrico,</span> <span class='ocrx_word' id='word_1_68' title='bbox 939 1233 973 1284; x_wconf 89' lang='lat' dir='ltr'>ut</span> <span class='ocrx_word' id='word_1_69' title='bbox 985 1225 1015 1284; x_wconf 92' lang='lat' dir='ltr'>irr</span> <span class='ocrx_word' id='word_1_70' title='bbox 1035 1225 1116 1307; x_wconf 86' lang='lat' dir='ltr'>Epp.</span> <span class='ocrx_word' id='word_1_71' title='bbox 1129 1247 1230 1288; x_wconf 84' lang='lat' dir='ltr'>eman·</span> 
     </span>
     <span class='ocr_line' id='line_1_10' title="bbox 124 1320 1228 1403; baseline 0 -21"><span class='ocrx_word' id='word_1_72' title='bbox 124 1321 229 1382; x_wconf 81' lang='lat' dir='ltr'>dando</span> <span class='ocrx_word' id='word_1_73' title='bbox 241 1329 376 1384; x_wconf 80' lang='lat' dir='ltr'>vorsatus</span> <span class='ocrx_word' id='word_1_74' title='bbox 392 1334 449 1383; x_wconf 86' lang='lat' dir='ltr'>ert.</span> <span class='ocrx_word' id='word_1_75' title='bbox 491 1323 594 1389; x_wconf 79' lang='lat' dir='ltr'>Quare</span> <span class='ocrx_word' id='word_1_76' title='bbox 616 1321 736 1382; x_wconf 83' lang='lat' dir='ltr'>demum</span> <span class='ocrx_word' id='word_1_77' title='bbox 756 1327 848 1382; x_wconf 72' lang='grc'><strong>1999.</strong></span> <span class='ocrx_word' id='word_1_78' title='bbox 868 1320 920 1382; x_wconf 78' lang='lat' dir='ltr'>io.</span> <span class='ocrx_word' id='word_1_79' title='bbox 936 1320 1104 1395; x_wconf 81' lang='lat' dir='ltr'>lirinairra,</span> <span class='ocrx_word' id='word_1_80' title='bbox 1118 1323 1228 1403; x_wconf 63' lang='lat' dir='ltr'>nugs,</span> 
     </span>
     <span class='ocr_line' id='line_1_11' title="bbox 124 1418 989 1499; baseline 0.005 -20"><span class='ocrx_word' id='word_1_81' title='bbox 124 1439 212 1480; x_wconf 72' lang='lat' dir='ltr'>norm</span> <span class='ocrx_word' id='word_1_82' title='bbox 223 1421 321 1480; x_wconf 73' lang='lat' dir='ltr'>euris</span> <span class='ocrx_word' id='word_1_83' title='bbox 332 1429 438 1480; x_wconf 84' lang='lat' dir='ltr'>auctor</span> <span class='ocrx_word' id='word_1_84' title='bbox 449 1421 480 1479; x_wconf 91' lang='lat' dir='ltr'>iu</span> <span class='ocrx_word' id='word_1_85' title='bbox 493 1419 616 1480; x_wconf 83' lang='lat' dir='ltr'>edendis</span> <span class='ocrx_word' id='word_1_86' title='bbox 628 1418 825 1499; x_wconf 80' lang='lat' dir='ltr'>Panegyricia</span> <span class='ocrx_word' id='word_1_87' title='bbox 835 1419 989 1482; x_wconf 79' lang='lat' dir='ltr'>habeatur.</span> 
     </span>
    </p>

    <p class='ocr_par' dir='ltr' id='par_1_3' title="bbox 122 1514 1293 3839">
     <span class='ocr_line' id='line_1_12' title="bbox 168 1514 1231 1600; baseline 0.002 -24"><span class='ocrx_word' id='word_1_88' title='bbox 168 1523 250 1577; x_wconf 75' lang='lat'>1508</span> <span class='ocrx_word' id='word_1_89' title='bbox 270 1517 402 1589; x_wconf 83' lang='lat' dir='ltr'>Veneta,</span> <span class='ocrx_word' id='word_1_90' title='bbox 410 1525 442 1578; x_wconf 83' lang='lat' dir='ltr'>u.</span> <span class='ocrx_word' id='word_1_91' title='bbox 455 1517 528 1578; x_wconf 80' lang='lat' dir='ltr'>Gaii</span> <span class='ocrx_word' id='word_1_92' title='bbox 536 1516 631 1577; x_wconf 83' lang='lat' dir='ltr'>Plinii</span> <span class='ocrx_word' id='word_1_93' title='bbox 642 1515 773 1578; x_wconf 86' lang='lat' dir='ltr'>Socrrnrii</span> <span class='ocrx_word' id='word_1_94' title='bbox 782 1514 1021 1578; x_wconf 80' lang='lat' dir='ltr'>Novocomensis</span> <span class='ocrx_word' id='word_1_95' title='bbox 1028 1517 1231 1600; x_wconf 72' lang='lat' dir='ltr'>Epistularum</span> 
     </span>
     <span class='ocr_line' id='line_1_13' title="bbox 124 1613 1230 1698; baseline 0.005 -26"><span class='ocrx_word' id='word_1_96' title='bbox 124 1613 196 1676; x_wconf 89' lang='lat' dir='ltr'>iibri</span> <span class='ocrx_word' id='word_1_97' title='bbox 209 1614 326 1686; x_wconf 86' lang='lat' dir='ltr'>decem,</span> <span class='ocrx_word' id='word_1_98' title='bbox 339 1617 371 1674; x_wconf 92' lang='lat' dir='ltr'>in</span> <span class='ocrx_word' id='word_1_99' title='bbox 383 1617 494 1696; x_wconf 82' lang='lat' dir='ltr'>quibua</span> <span class='ocrx_word' id='word_1_100' title='bbox 506 1615 609 1675; x_wconf 65' lang='lat' dir='ltr'>muita</span> <span class='ocrx_word' id='word_1_101' title='bbox 621 1614 908 1694; x_wconf 73' lang='lat' dir='ltr'>babanturepistoin</span> <span class='ocrx_word' id='word_1_102' title='bbox 917 1635 976 1676; x_wconf 88' lang='lat' dir='ltr'>non</span> <span class='ocrx_word' id='word_1_103' title='bbox 988 1625 1058 1676; x_wconf 81' lang='lat' dir='ltr'>anta</span> <span class='ocrx_word' id='word_1_104' title='bbox 1069 1617 1230 1698; x_wconf 76' lang='lat' dir='ltr'>imprmrrtc.</span> 
     </span>
     <span class='ocr_line' id='line_1_14' title="bbox 123 1709 1229 1792; baseline 0.002 -22"><span class='ocrx_word' id='word_1_105' title='bbox 123 1709 204 1772; x_wconf 88' lang='lat' dir='ltr'>Turn</span> <span class='ocrx_word' id='word_1_106' title='bbox 217 1711 329 1772; x_wconf 79' lang='lat' dir='ltr'>(irreca</span> <span class='ocrx_word' id='word_1_107' title='bbox 334 1723 479 1784; x_wconf 73' lang='lat' dir='ltr'>conecto,</span> <span class='ocrx_word' id='word_1_108' title='bbox 492 1723 523 1774; x_wconf 88' lang='lat' dir='ltr'>et</span> <span class='ocrx_word' id='word_1_109' title='bbox 533 1713 596 1774; x_wconf 81' lang='lat' dir='ltr'>suis</span> <span class='ocrx_word' id='word_1_110' title='bbox 615 1711 690 1772; x_wconf 86' lang='lat' dir='ltr'>iocis</span> <span class='ocrx_word' id='word_1_111' title='bbox 700 1711 847 1781; x_wconf 80' lang='lat' dir='ltr'>restituta,</span> <span class='ocrx_word' id='word_1_112' title='bbox 869 1721 962 1792; x_wconf 85' lang='lat' dir='ltr'>atqua</span> <span class='ocrx_word' id='word_1_113' title='bbox 974 1715 1094 1792; x_wconf 86' lang='lat' dir='ltr'>rejectis</span> <span class='ocrx_word' id='word_1_114' title='bbox 1112 1712 1229 1778; x_wconf 86' lang='lat' dir='ltr'>aduita-</span> 
     </span>
     <span class='ocr_line' id='line_1_15' title="bbox 123 1807 1230 1896; baseline -0.001 -24"><span class='ocrx_word' id='word_1_115' title='bbox 123 1810 211 1880; x_wconf 75' lang='lat' dir='ltr'>riuis,</span> <span class='ocrx_word' id='word_1_116' title='bbox 223 1831 295 1872; x_wconf 82' lang='lat' dir='ltr'>rara</span> <span class='ocrx_word' id='word_1_117' title='bbox 306 1811 449 1890; x_wconf 89' lang='lat' dir='ltr'>reposita.</span> <span class='ocrx_word' id='word_1_118' title='bbox 490 1809 571 1870; x_wconf 87' lang='lat' dir='ltr'>Item</span> <span class='ocrx_word' id='word_1_119' title='bbox 583 1808 789 1888; x_wconf 68' lang='lat' dir='ltr'>fragmcnmtae</span> <span class='ocrx_word' id='word_1_120' title='bbox 803 1807 963 1896; x_wconf 70' lang='lat' dir='ltr'>Epistulae,</span> <span class='ocrx_word' id='word_1_121' title='bbox 984 1811 1108 1890; x_wconf 71' lang='lat' dir='ltr'>irrrgnr</span> <span class='ocrx_word' id='word_1_122' title='bbox 1128 1808 1230 1872; x_wconf 84' lang='lat' dir='ltr'>lactro.</span> 
     </span>
     <span class='ocr_line' id='line_1_16' title="bbox 124 1903 1231 1987; baseline 0.003 -22"><span class='ocrx_word' id='word_1_123' title='bbox 124 1906 166 1966; x_wconf 88' lang='lat' dir='ltr'>lrr</span> <span class='ocrx_word' id='word_1_124' title='bbox 179 1907 280 1966; x_wconf 88' lang='lat' dir='ltr'>medio</span> <span class='ocrx_word' id='word_1_125' title='bbox 288 1907 380 1966; x_wconf 85' lang='lat' dir='ltr'>etiam</span> <span class='ocrx_word' id='word_1_126' title='bbox 393 1907 528 1987; x_wconf 71' lang='lat' dir='ltr'>epistola</span> <span class='ocrx_word' id='word_1_127' title='bbox 542 1906 612 1966; x_wconf 93' lang='lat' dir='ltr'>iibri</span> <span class='ocrx_word' id='word_1_128' title='bbox 623 1907 723 1966; x_wconf 83' lang='lat' dir='ltr'>octavi</span> <span class='ocrx_word' id='word_1_129' title='bbox 735 1903 774 1966; x_wconf 87' lang='lat' dir='ltr'>dc</span> <span class='ocrx_word' id='word_1_130' title='bbox 795 1903 950 1971; x_wconf 79' lang='lat' dir='ltr'>Giitnnrno</span> <span class='ocrx_word' id='word_1_131' title='bbox 966 1906 1049 1968; x_wconf 86' lang='lat' dir='ltr'>l&#39;orrte</span> <span class='ocrx_word' id='word_1_132' title='bbox 1062 1926 1121 1968; x_wconf 89' lang='lat' dir='ltr'>nou</span> <span class='ocrx_word' id='word_1_133' title='bbox 1134 1907 1231 1968; x_wconf 80' lang='lat' dir='ltr'>scium</span> 
     </span>
     <span class='ocr_line' id='line_1_17' title="bbox 123 2003 1231 2086; baseline 0 -22"><span class='ocrx_word' id='word_1_134' title='bbox 123 2004 232 2064; x_wconf 84' lang='lat' dir='ltr'>vertici</span> <span class='ocrx_word' id='word_1_135' title='bbox 244 2003 315 2064; x_wconf 84' lang='lat' dir='ltr'>calx</span> <span class='ocrx_word' id='word_1_136' title='bbox 329 2003 458 2074; x_wconf 86' lang='lat' dir='ltr'>additus,</span> <span class='ocrx_word' id='word_1_137' title='bbox 478 2013 511 2064; x_wconf 92' lang='lat' dir='ltr'>et</span> <span class='ocrx_word' id='word_1_138' title='bbox 529 2003 610 2064; x_wconf 78' lang='lat' dir='ltr'>calui</span> <span class='ocrx_word' id='word_1_139' title='bbox 628 2013 743 2075; x_wconf 80' lang='lat' dir='ltr'>vertex,</span> <span class='ocrx_word' id='word_1_140' title='bbox 761 2003 816 2064; x_wconf 84' lang='lat' dir='ltr'>sed</span> <span class='ocrx_word' id='word_1_141' title='bbox 837 2003 942 2066; x_wconf 82' lang='lat' dir='ltr'>docem</span> <span class='ocrx_word' id='word_1_142' title='bbox 963 2025 1083 2085; x_wconf 88' lang='lat' dir='ltr'>quoquo</span> <span class='ocrx_word' id='word_1_143' title='bbox 1095 2005 1231 2086; x_wconf 76' lang='lat' dir='ltr'>epistola</span> 
     </span>
     <span class='ocr_line' id='line_1_18' title="bbox 124 2099 1230 2180; baseline 0.004 -20"><span class='ocrx_word' id='word_1_144' title='bbox 124 2101 320 2180; x_wconf 74' lang='lat' dir='ltr'>interposita,</span> <span class='ocrx_word' id='word_1_145' title='bbox 331 2120 369 2160; x_wconf 84' lang='lat' dir='ltr'>ac</span> <span class='ocrx_word' id='word_1_146' title='bbox 387 2121 428 2160; x_wconf 83' lang='lat' dir='ltr'>ax</span> <span class='ocrx_word' id='word_1_147' title='bbox 440 2120 520 2160; x_wconf 93' lang='lat' dir='ltr'>norro</span> <span class='ocrx_word' id='word_1_148' title='bbox 532 2100 611 2160; x_wconf 91' lang='lat' dir='ltr'>iibro</span> <span class='ocrx_word' id='word_1_149' title='bbox 621 2107 746 2162; x_wconf 74' lang='lat' dir='ltr'>ocurras</span> <span class='ocrx_word' id='word_1_150' title='bbox 765 2099 875 2172; x_wconf 62' lang='lat' dir='ltr'>factm</span> <span class='ocrx_word' id='word_1_151' title='bbox 888 2107 921 2160; x_wconf 91' lang='lat' dir='ltr'>et</span> <span class='ocrx_word' id='word_1_152' title='bbox 939 2122 978 2162; x_wconf 86' lang='lat' dir='ltr'>ex</span> <span class='ocrx_word' id='word_1_153' title='bbox 995 2111 1106 2162; x_wconf 82' lang='lat' dir='ltr'>octavo</span> <span class='ocrx_word' id='word_1_154' title='bbox 1125 2121 1230 2174; x_wconf 87' lang='lat' dir='ltr'>nouus,</span> 
     </span>
     <span class='ocr_line' id='line_1_19' title="bbox 123 2197 1230 2279; baseline 0.002 -21"><span class='ocrx_word' id='word_1_155' title='bbox 123 2197 219 2278; x_wconf 87' lang='lat' dir='ltr'>idque</span> <span class='ocrx_word' id='word_1_156' title='bbox 227 2197 374 2258; x_wconf 83' lang='lat' dir='ltr'>beneficio</span> <span class='ocrx_word' id='word_1_157' title='bbox 385 2198 566 2279; x_wconf 82' lang='lat' dir='ltr'>exemplaris</span> <span class='ocrx_word' id='word_1_158' title='bbox 577 2198 797 2269; x_wconf 81' lang='lat' dir='ltr'>correctinimi,</span> <span class='ocrx_word' id='word_1_159' title='bbox 817 2207 850 2258; x_wconf 86' lang='lat' dir='ltr'>et</span> <span class='ocrx_word' id='word_1_160' title='bbox 866 2199 961 2270; x_wconf 75' lang='lat' dir='ltr'>mira,</span> <span class='ocrx_word' id='word_1_161' title='bbox 980 2219 1018 2260; x_wconf 89' lang='lat' dir='ltr'>ac</span> <span class='ocrx_word' id='word_1_162' title='bbox 1030 2200 1130 2279; x_wconf 84' lang='lat' dir='ltr'>potius</span> <span class='ocrx_word' id='word_1_163' title='bbox 1140 2219 1230 2262; x_wconf 82' lang='lat' dir='ltr'>vorre-</span> 
     </span>
     <span class='ocr_line' id='line_1_20' title="bbox 122 2294 1230 2379; baseline 0.003 -23"><span class='ocrx_word' id='word_1_164' title='bbox 122 2295 228 2357; x_wconf 75' lang='lat' dir='ltr'>randa</span> <span class='ocrx_word' id='word_1_165' title='bbox 250 2296 416 2356; x_wconf 76' lang='lat' dir='ltr'>retrntatis.</span> <span class='ocrx_word' id='word_1_166' title='bbox 467 2295 613 2374; x_wconf 87' lang='lat' dir='ltr'>Ejusdem</span> <span class='ocrx_word' id='word_1_167' title='bbox 634 2294 843 2376; x_wconf 65' lang='lat' dir='ltr'>Panegyricus</span> <span class='ocrx_word' id='word_1_168' title='bbox 862 2294 994 2375; x_wconf 79' lang='lat' dir='ltr'>Trojano</span> <span class='ocrx_word' id='word_1_169' title='bbox 1020 2296 1100 2379; x_wconf 93' lang='lat' dir='ltr'>Imp.</span> <span class='ocrx_word' id='word_1_170' title='bbox 1120 2297 1230 2360; x_wconf 81' lang='lat' dir='ltr'>(lictus.</span> 
     </span>
     <span class='ocr_line' id='line_1_21' title="bbox 124 2391 1233 2473; baseline 0.002 -21"><span class='ocrx_word' id='word_1_171' title='bbox 124 2391 275 2473; x_wconf 86' lang='lat' dir='ltr'>Ejusdem</span> <span class='ocrx_word' id='word_1_172' title='bbox 285 2392 325 2452; x_wconf 87' lang='lat' dir='ltr'>rie</span> <span class='ocrx_word' id='word_1_173' title='bbox 337 2391 423 2453; x_wconf 88' lang='lat' dir='ltr'>Viris</span> <span class='ocrx_word' id='word_1_174' title='bbox 443 2391 615 2452; x_wconf 87' lang='lat' dir='ltr'>Illustribus</span> <span class='ocrx_word' id='word_1_175' title='bbox 637 2393 667 2452; x_wconf 91' lang='lat' dir='ltr'>in</span> <span class='ocrx_word' id='word_1_176' title='bbox 684 2413 716 2452; x_wconf 88' lang='lat' dir='ltr'>re</span> <span class='ocrx_word' id='word_1_177' title='bbox 737 2391 869 2466; x_wconf 88' lang='lat' dir='ltr'>militari,</span> <span class='ocrx_word' id='word_1_178' title='bbox 887 2402 920 2454; x_wconf 84' lang='lat' dir='ltr'>et</span> <span class='ocrx_word' id='word_1_179' title='bbox 941 2394 973 2454; x_wconf 90' lang='lat' dir='ltr'>in</span> <span class='ocrx_word' id='word_1_180' title='bbox 997 2393 1233 2456; x_wconf 80' lang='lat' dir='ltr'>administranda</span> 
     </span>
     <span class='ocr_line' id='line_1_22' title="bbox 124 2487 1232 2571; baseline 0.004 -21"><span class='ocrx_word' id='word_1_181' title='bbox 124 2489 211 2571; x_wconf 80' lang='lat' dir='ltr'>Rep.</span> <span class='ocrx_word' id='word_1_182' title='bbox 234 2489 371 2550; x_wconf 82' lang='lat' dir='ltr'>Suetonii</span> <span class='ocrx_word' id='word_1_183' title='bbox 387 2489 559 2570; x_wconf 84' lang='lat' dir='ltr'>Tranquilli</span> <span class='ocrx_word' id='word_1_184' title='bbox 568 2489 607 2550; x_wconf 87' lang='lat' dir='ltr'>da</span> <span class='ocrx_word' id='word_1_185' title='bbox 632 2489 734 2550; x_wconf 72' lang='lat' dir='ltr'>(liaris</span> <span class='ocrx_word' id='word_1_186' title='bbox 753 2487 970 2551; x_wconf 69' lang='lat' dir='ltr'>Grammaticis</span> <span class='ocrx_word' id='word_1_187' title='bbox 986 2500 1019 2552; x_wconf 91' lang='lat' dir='ltr'>et</span> <span class='ocrx_word' id='word_1_188' title='bbox 1037 2491 1232 2555; x_wconf 82' lang='lat' dir='ltr'>Rhetoribrrs.</span> 
     </span>
     <span class='ocr_line' id='line_1_23' title="bbox 123 2586 1231 2670; baseline 0.002 -22"><span class='ocrx_word' id='word_1_189' title='bbox 123 2586 203 2648; x_wconf 87' lang='lat' dir='ltr'>Jniii</span> <span class='ocrx_word' id='word_1_190' title='bbox 224 2587 428 2668; x_wconf 73' lang='lat' dir='ltr'>Obsequentis</span> <span class='ocrx_word' id='word_1_191' title='bbox 449 2587 661 2670; x_wconf 73' lang='lat' dir='ltr'>Prodigiorum</span> <span class='ocrx_word' id='word_1_192' title='bbox 682 2587 783 2648; x_wconf 80' lang='lat' dir='ltr'>liber.</span> <span class='ocrx_word' id='word_1_193' title='bbox 830 2587 975 2669; x_wconf 73' lang='lat' dir='ltr'>Epistola</span> <span class='ocrx_word' id='word_1_194' title='bbox 986 2589 1093 2650; x_wconf 80' lang='lat' dir='ltr'>decimi</span> <span class='ocrx_word' id='word_1_195' title='bbox 1107 2590 1176 2652; x_wconf 89' lang='lat' dir='ltr'>iibri</span> <span class='ocrx_word' id='word_1_196' title='bbox 1191 2587 1231 2650; x_wconf 86' lang='lat' dir='ltr'>ari</span> 
     </span>
     <span class='ocr_line' id='line_1_24' title="bbox 123 2683 1232 2767; baseline 0.004 -23"><span class='ocrx_word' id='word_1_197' title='bbox 123 2683 292 2765; x_wconf 84' lang='lat' dir='ltr'>Trajanum</span> <span class='ocrx_word' id='word_1_198' title='bbox 304 2686 465 2766; x_wconf 70' lang='lat' dir='ltr'>probanttrr</span> <span class='ocrx_word' id='word_1_199' title='bbox 477 2705 540 2746; x_wconf 70' lang='lat' dir='ltr'>cue</span> <span class='ocrx_word' id='word_1_200' title='bbox 554 2685 651 2744; x_wconf 81' lang='lat' dir='ltr'>Plinii</span> <span class='ocrx_word' id='word_1_201' title='bbox 664 2684 695 2744; x_wconf 90' lang='lat' dir='ltr'>in</span> <span class='ocrx_word' id='word_1_202' title='bbox 707 2685 841 2764; x_wconf 71' lang='lat' dir='ltr'>oequenti</span> <span class='ocrx_word' id='word_1_203' title='bbox 862 2686 999 2767; x_wconf 80' lang='lat' dir='ltr'>epistola.</span> <span class='ocrx_word' id='word_1_204' title='bbox 1041 2685 1124 2747; x_wconf 87' lang='lat' dir='ltr'>Inibi</span> <span class='ocrx_word' id='word_1_205' title='bbox 1141 2687 1232 2748; x_wconf 81' lang='lat' dir='ltr'>atium</span> 
     </span>
     <span class='ocr_line' id='line_1_25' title="bbox 123 2780 1231 2861; baseline 0.002 -19"><span class='ocrx_word' id='word_1_206' title='bbox 123 2782 205 2842; x_wconf 90' lang='lat' dir='ltr'>iiber</span> <span class='ocrx_word' id='word_1_207' title='bbox 216 2783 255 2842; x_wconf 83' lang='lat' dir='ltr'>rie</span> <span class='ocrx_word' id='word_1_208' title='bbox 266 2781 352 2844; x_wconf 87' lang='lat' dir='ltr'>Viris</span> <span class='ocrx_word' id='word_1_209' title='bbox 365 2782 549 2854; x_wconf 87' lang='lat' dir='ltr'>illustribus,</span> <span class='ocrx_word' id='word_1_210' title='bbox 562 2801 622 2842; x_wconf 92' lang='lat' dir='ltr'>non</span> <span class='ocrx_word' id='word_1_211' title='bbox 634 2780 816 2861; x_wconf 74' lang='lat' dir='ltr'>Tranquilli,</span> <span class='ocrx_word' id='word_1_212' title='bbox 828 2781 881 2842; x_wconf 86' lang='lat' dir='ltr'>aad</span> <span class='ocrx_word' id='word_1_213' title='bbox 894 2781 994 2844; x_wconf 86' lang='lat' dir='ltr'>Plinii</span> <span class='ocrx_word' id='word_1_214' title='bbox 1016 2803 1081 2844; x_wconf 83' lang='lat' dir='ltr'>esse</span> <span class='ocrx_word' id='word_1_215' title='bbox 1101 2783 1231 2846; x_wconf 77' lang='lat' dir='ltr'>ostendi·</span> 
     </span>
     <span class='ocr_line' id='line_1_26' title="bbox 124 2878 1231 2953; baseline -0.002 -11"><span class='ocrx_word' id='word_1_216' title='bbox 124 2891 186 2942; x_wconf 87' lang='lat' dir='ltr'>tur.</span> <span class='ocrx_word' id='word_1_217' title='bbox 224 2879 364 2940; x_wconf 85' lang='lat' dir='ltr'>Venetiis</span> <span class='ocrx_word' id='word_1_218' title='bbox 381 2881 412 2941; x_wconf 90' lang='lat' dir='ltr'>in</span> <span class='ocrx_word' id='word_1_219' title='bbox 436 2880 526 2940; x_wconf 74' lang='lat' dir='ltr'>adib.</span> <span class='ocrx_word' id='word_1_220' title='bbox 547 2879 626 2940; x_wconf 78' lang='lat' dir='ltr'>Ardi</span> <span class='ocrx_word' id='word_1_221' title='bbox 642 2887 676 2938; x_wconf 88' lang='lat' dir='ltr'>et</span> <span class='ocrx_word' id='word_1_222' title='bbox 694 2878 830 2940; x_wconf 80' lang='lat' dir='ltr'>Andreae</span> <span class='ocrx_word' id='word_1_223' title='bbox 855 2879 985 2940; x_wconf 82' lang='lat' dir='ltr'>Aauiani</span> <span class='ocrx_word' id='word_1_224' title='bbox 1005 2881 1110 2953; x_wconf 87' lang='lat' dir='ltr'>soceri,</span> <span class='ocrx_word' id='word_1_225' title='bbox 1132 2899 1231 2941; x_wconf 85' lang='lat' dir='ltr'>mense</span> 
     </span>
     <span class='ocr_line' id='line_1_27' title="bbox 125 2976 1232 3060; baseline 0 -21"><span class='ocrx_word' id='word_1_226' title='bbox 125 2977 403 3040; x_wconf 82' lang='lat' dir='ltr'>Novembri-De</span> <span class='ocrx_word' id='word_1_227' title='bbox 415 2978 475 3038; x_wconf 83' lang='lat' dir='ltr'>irac</span> <span class='ocrx_word' id='word_1_228' title='bbox 493 2998 548 3038; x_wconf 86' lang='lat' dir='ltr'>sua</span> <span class='ocrx_word' id='word_1_229' title='bbox 569 2977 701 3038; x_wconf 83' lang='lat' dir='ltr'>editione</span> <span class='ocrx_word' id='word_1_230' title='bbox 719 2978 783 3058; x_wconf 86' lang='lat' dir='ltr'>ipre</span> <span class='ocrx_word' id='word_1_231' title='bbox 804 2976 907 3038; x_wconf 82' lang='lat' dir='ltr'>Aldus</span> <span class='ocrx_word' id='word_1_232' title='bbox 918 2985 1043 3040; x_wconf 84' lang='lat' dir='ltr'>testatur</span> <span class='ocrx_word' id='word_1_233' title='bbox 1056 2979 1088 3038; x_wconf 93' lang='lat' dir='ltr'>iu</span> <span class='ocrx_word' id='word_1_234' title='bbox 1101 2979 1232 3060; x_wconf 80' lang='lat' dir='ltr'>epistola</span> 
     </span>
     <span class='ocr_line' id='line_1_28' title="bbox 124 3074 1293 3156; baseline -0.002 -18"><span class='ocrx_word' id='word_1_235' title='bbox 124 3075 168 3138; x_wconf 87' lang='lat' dir='ltr'>ad</span> <span class='ocrx_word' id='word_1_236' title='bbox 179 3074 331 3136; x_wconf 83' lang='lat' dir='ltr'>Aioisium</span> <span class='ocrx_word' id='word_1_237' title='bbox 352 3075 556 3148; x_wconf 81' lang='lat' dir='ltr'>Macenicum,</span> <span class='ocrx_word' id='word_1_238' title='bbox 577 3074 753 3136; x_wconf 73' lang='lat' dir='ltr'>Senatorum</span> <span class='ocrx_word' id='word_1_239' title='bbox 770 3074 932 3148; x_wconf 84' lang='lat' dir='ltr'>Venatum,</span> <span class='ocrx_word' id='word_1_240' title='bbox 946 3085 1054 3156; x_wconf 71' lang='lat' dir='ltr'>presto</span> <span class='ocrx_word' id='word_1_241' title='bbox 1067 3075 1124 3136; x_wconf 86' lang='lat' dir='ltr'>ribi</span> <span class='ocrx_word' id='word_1_242' title='bbox 1144 3075 1232 3136; x_wconf 83' lang='lat' dir='ltr'>iuirre</span> <span class='ocrx_word' id='word_1_243' title='bbox 1290 3112 1293 3124; x_wconf 56' lang='grc' dir='ltr'><strong>ι</strong></span> 
     </span>
     <span class='ocr_line' id='line_1_29' title="bbox 125 3173 1232 3256; baseline -0.002 -20"><span class='ocrx_word' id='word_1_244' title='bbox 125 3173 315 3236; x_wconf 81' lang='lat' dir='ltr'>membranas</span> <span class='ocrx_word' id='word_1_245' title='bbox 326 3175 463 3256; x_wconf 82' lang='lat' dir='ltr'>scriptas,</span> <span class='ocrx_word' id='word_1_246' title='bbox 484 3174 582 3236; x_wconf 87' lang='lat' dir='ltr'>‘arico</span> <span class='ocrx_word' id='word_1_247' title='bbox 595 3173 719 3236; x_wconf 60' lang='lat' dir='ltr'>&amp;verns</span> <span class='ocrx_word' id='word_1_248' title='bbox 730 3194 750 3232; x_wconf 89' lang='lat' dir='ltr'>a</span> <span class='ocrx_word' id='word_1_249' title='bbox 762 3174 869 3234; x_wconf 73' lang='lat' dir='ltr'>uosmis</span> <span class='ocrx_word' id='word_1_250' title='bbox 880 3173 1110 3246; x_wconf 65' lang='lat' dir='ltr'>characteribus,</span> <span class='ocrx_word' id='word_1_251' title='bbox 1128 3181 1162 3234; x_wconf 87' lang='lat' dir='ltr'>ut</span> <span class='ocrx_word' id='word_1_252' title='bbox 1175 3173 1232 3233; x_wconf 84' lang='lat' dir='ltr'>uiri</span> 
     </span>
     <span class='ocr_line' id='line_1_30' title="bbox 125 3271 1231 3354; baseline 0 -22"><span class='ocrx_word' id='word_1_253' title='bbox 125 3274 197 3354; x_wconf 86' lang='lat' dir='ltr'>quis</span> <span class='ocrx_word' id='word_1_254' title='bbox 208 3271 261 3332; x_wconf 88' lang='lat' dir='ltr'>diu</span> <span class='ocrx_word' id='word_1_255' title='bbox 275 3273 447 3344; x_wconf 73' lang='lat' dir='ltr'>assueverit,</span> <span class='ocrx_word' id='word_1_256' title='bbox 460 3291 519 3332; x_wconf 92' lang='lat' dir='ltr'>non</span> <span class='ocrx_word' id='word_1_257' title='bbox 532 3281 625 3352; x_wconf 86' lang='lat' dir='ltr'>queat</span> <span class='ocrx_word' id='word_1_258' title='bbox 644 3273 752 3352; x_wconf 75' lang='lat' dir='ltr'>legere.</span> <span class='ocrx_word' id='word_1_259' title='bbox 769 3315 778 3331; x_wconf 93' lang='lat'><strong>.</strong></span> <span class='ocrx_word' id='word_1_260' title='bbox 794 3315 802 3332; x_wconf 92' lang='lat'><strong>.</strong></span> <span class='ocrx_word' id='word_1_261' title='bbox 818 3272 875 3332; x_wconf 83' lang='lat' dir='ltr'>Est</span> <span class='ocrx_word' id='word_1_262' title='bbox 894 3272 1032 3333; x_wconf 75' lang='lat' dir='ltr'>volumen</span> <span class='ocrx_word' id='word_1_263' title='bbox 1055 3271 1152 3353; x_wconf 83' lang='lat' dir='ltr'>ipsum</span> <span class='ocrx_word' id='word_1_264' title='bbox 1172 3287 1231 3331; x_wconf 85' lang='lat' dir='ltr'>non</span> 
     </span>
     <span class='ocr_line' id='line_1_31' title="bbox 124 3369 1232 3450; baseline -0.003 -19"><span class='ocrx_word' id='word_1_265' title='bbox 124 3369 226 3431; x_wconf 85' lang='lat' dir='ltr'>scium</span> <span class='ocrx_word' id='word_1_266' title='bbox 239 3371 495 3441; x_wconf 71' lang='lat' dir='ltr'>correctissimum,</span> <span class='ocrx_word' id='word_1_267' title='bbox 508 3369 561 3429; x_wconf 86' lang='lat' dir='ltr'>sed</span> <span class='ocrx_word' id='word_1_268' title='bbox 576 3369 666 3430; x_wconf 90' lang='lat' dir='ltr'>ctiam</span> <span class='ocrx_word' id='word_1_269' title='bbox 679 3371 724 3430; x_wconf 80' lang='lat' dir='ltr'>ite</span> <span class='ocrx_word' id='word_1_270' title='bbox 737 3369 905 3450; x_wconf 89' lang='lat' dir='ltr'>antiquum,</span> <span class='ocrx_word' id='word_1_271' title='bbox 924 3378 958 3430; x_wconf 89' lang='lat' dir='ltr'>ut</span> <span class='ocrx_word' id='word_1_272' title='bbox 969 3378 1070 3450; x_wconf 88' lang='lat' dir='ltr'>putem</span> <span class='ocrx_word' id='word_1_273' title='bbox 1090 3369 1232 3450; x_wconf 86' lang='lat' dir='ltr'>scriptum</span> 
     </span>
     <span class='ocr_line' id='line_1_32' title="bbox 127 3466 1231 3550; baseline -0.005 -20"><span class='ocrx_word' id='word_1_274' title='bbox 127 3467 228 3530; x_wconf 89' lang='lat' dir='ltr'>Plinii</span> <span class='ocrx_word' id='word_1_275' title='bbox 241 3467 464 3548; x_wconf 72' lang='lat' dir='ltr'>temporibus..</span> <span class='ocrx_word' id='word_1_276' title='bbox 479 3467 570 3528; x_wconf 82' lang='lat' dir='ltr'>‚Tibi</span> <span class='ocrx_word' id='word_1_277' title='bbox 592 3468 725 3549; x_wconf 86' lang='lat' dir='ltr'>inprimis</span> <span class='ocrx_word' id='word_1_278' title='bbox 750 3467 890 3528; x_wconf 86' lang='lat' dir='ltr'>habenda</span> <span class='ocrx_word' id='word_1_279' title='bbox 908 3477 954 3528; x_wconf 89' lang='lat' dir='ltr'>est</span> <span class='ocrx_word' id='word_1_280' title='bbox 975 3466 1104 3550; x_wconf 85' lang='lat' dir='ltr'>piurima</span> <span class='ocrx_word' id='word_1_281' title='bbox 1123 3468 1231 3545; x_wconf 71' lang='lat' dir='ltr'>gratia,</span> 
     </span>
     <span class='ocr_line' id='line_1_33' title="bbox 126 3562 1231 3646; baseline -0.004 -20"><span class='ocrx_word' id='word_1_282' title='bbox 126 3565 242 3646; x_wconf 80' lang='lat' dir='ltr'>inclyto</span> <span class='ocrx_word' id='word_1_283' title='bbox 254 3563 367 3636; x_wconf 87' lang='lat' dir='ltr'>Aioisi,</span> <span class='ocrx_word' id='word_1_284' title='bbox 377 3567 429 3644; x_wconf 89' lang='lat' dir='ltr'>qui</span> <span class='ocrx_word' id='word_1_285' title='bbox 442 3564 596 3646; x_wconf 86' lang='lat' dir='ltr'>exemplar</span> <span class='ocrx_word' id='word_1_286' title='bbox 608 3566 704 3646; x_wconf 92' lang='lat' dir='ltr'>ipsum</span> <span class='ocrx_word' id='word_1_287' title='bbox 723 3565 924 3644; x_wconf 84' lang='lat' dir='ltr'>Epistularum</span> <span class='ocrx_word' id='word_1_288' title='bbox 939 3564 1096 3644; x_wconf 86' lang='lat' dir='ltr'>reportasti</span> <span class='ocrx_word' id='word_1_289' title='bbox 1113 3565 1143 3621; x_wconf 92' lang='lat' dir='ltr'>iu</span> <span class='ocrx_word' id='word_1_290' title='bbox 1156 3562 1231 3622; x_wconf 73' lang='lat' dir='ltr'>ita·</span> 
     </span>
     <span class='ocr_line' id='line_1_34' title="bbox 126 3657 1231 3742; baseline -0.005 -20"><span class='ocrx_word' id='word_1_291' title='bbox 126 3663 214 3734; x_wconf 90' lang='lat' dir='ltr'>iiam,</span> <span class='ocrx_word' id='word_1_292' title='bbox 229 3659 359 3742; x_wconf 84' lang='lat' dir='ltr'>mibi&#39;qrre</span> <span class='ocrx_word' id='word_1_293' title='bbox 370 3661 490 3733; x_wconf 86' lang='lat' dir='ltr'>dedisti,</span> <span class='ocrx_word' id='word_1_294' title='bbox 509 3670 543 3722; x_wconf 91' lang='lat' dir='ltr'>ut</span> <span class='ocrx_word' id='word_1_295' title='bbox 555 3681 698 3722; x_wconf 85' lang='lat' dir='ltr'>excusum</span> <span class='ocrx_word' id='word_1_296' title='bbox 712 3661 907 3742; x_wconf 86' lang='lat' dir='ltr'>publicarem.</span> <span class='ocrx_word' id='word_1_297' title='bbox 949 3659 1068 3720; x_wconf 87' lang='lat' dir='ltr'>Deinde</span> <span class='ocrx_word' id='word_1_298' title='bbox 1090 3657 1231 3718; x_wconf 78' lang='lat' dir='ltr'>iucundo</span> 
     </span>
     <span class='ocr_line' id='line_1_35' title="bbox 129 3757 1232 3839; baseline -0.004 -19"><span class='ocrx_word' id='word_1_299' title='bbox 129 3760 346 3821; x_wconf 85' lang='lat' dir='ltr'>Veronensi..</span> <span class='ocrx_word' id='word_1_300' title='bbox 363 3759 466 3839; x_wconf 74' lang='lat' dir='ltr'>‚quod</span> <span class='ocrx_word' id='word_1_301' title='bbox 482 3759 601 3820; x_wconf 85' lang='lat' dir='ltr'>easdem</span> <span class='ocrx_word' id='word_1_302' title='bbox 616 3757 746 3819; x_wconf 83' lang='lat' dir='ltr'>Secundi</span> <span class='ocrx_word' id='word_1_303' title='bbox 766 3758 910 3838; x_wconf 85' lang='lat' dir='ltr'>epistolas</span> <span class='ocrx_word' id='word_1_304' title='bbox 930 3759 969 3817; x_wconf 85' lang='lat' dir='ltr'>sb</span> <span class='ocrx_word' id='word_1_305' title='bbox 987 3777 1024 3816; x_wconf 89' lang='lat' dir='ltr'>eo</span> <span class='ocrx_word' id='word_1_306' title='bbox 1044 3757 1110 3838; x_wconf 86' lang='lat' dir='ltr'>ipso</span> <span class='ocrx_word' id='word_1_307' title='bbox 1127 3774 1232 3816; x_wconf 82' lang='lat' dir='ltr'>exaru-</span> 
     </span>
    </p>
   </div>
   <div class='ocr_carea' id='block_1_3' title="bbox 126 3845 1297 4330">
    <p class='ocr_par' dir='ltr' id='par_1_4' title="bbox 126 3845 1297 4330">
     <span class='ocr_line' id='line_1_36' title="bbox 129 3845 1232 3938; baseline -0.003 -22"><span class='ocrx_word' id='word_1_308' title='bbox 129 3857 207 3938; x_wconf 84' lang='lat' dir='ltr'>piari</span> <span class='ocrx_word' id='word_1_309' title='bbox 222 3877 241 3916; x_wconf 88' lang='lat' dir='ltr'>a</span> <span class='ocrx_word' id='word_1_310' title='bbox 249 3877 282 3916; x_wconf 88' lang='lat' dir='ltr'>se</span> <span class='ocrx_word' id='word_1_311' title='bbox 293 3856 458 3937; x_wconf 80' lang='lat' dir='ltr'>descriptas</span> <span class='ocrx_word' id='word_1_312' title='bbox 469 3845 502 3915; x_wconf 82' lang='lat' dir='ltr'>in</span> <span class='ocrx_word' id='word_1_313' title='bbox 514 3855 619 3916; x_wconf 85' lang='lat' dir='ltr'>Gaiiia</span> <span class='ocrx_word' id='word_1_314' title='bbox 627 3855 797 3937; x_wconf 82' lang='lat' dir='ltr'>diiigenter,</span> <span class='ocrx_word' id='word_1_315' title='bbox 812 3864 844 3915; x_wconf 92' lang='lat' dir='ltr'>ut</span> <span class='ocrx_word' id='word_1_316' title='bbox 853 3855 926 3916; x_wconf 86' lang='lat' dir='ltr'>facit</span> <span class='ocrx_word' id='word_1_317' title='bbox 938 3855 1048 3926; x_wconf 87' lang='lat' dir='ltr'>omnia,</span> <span class='ocrx_word' id='word_1_318' title='bbox 1061 3863 1093 3914; x_wconf 88' lang='lat' dir='ltr'>st</span> <span class='ocrx_word' id='word_1_319' title='bbox 1104 3873 1157 3914; x_wconf 86' lang='lat' dir='ltr'>sax</span> <span class='ocrx_word' id='word_1_320' title='bbox 1170 3853 1232 3914; x_wconf 83' lang='lat' dir='ltr'>alia</span> 
     </span>
     <span class='ocr_line' id='line_1_37' title="bbox 128 3943 1231 4034; baseline -0.004 -19"><span class='ocrx_word' id='word_1_321' title='bbox 128 3954 283 4015; x_wconf 82' lang='lat' dir='ltr'>volumina</span> <span class='ocrx_word' id='word_1_322' title='bbox 301 3953 515 4034; x_wconf 83' lang='lat' dir='ltr'>Epistularum,</span> <span class='ocrx_word' id='word_1_323' title='bbox 530 3954 636 4034; x_wconf 89' lang='lat' dir='ltr'>partim</span> <span class='ocrx_word' id='word_1_324' title='bbox 649 3973 737 4013; x_wconf 89' lang='lat' dir='ltr'>manu</span> <span class='ocrx_word' id='word_1_325' title='bbox 757 3943 880 4034; x_wconf 85' lang='lat' dir='ltr'>scripta,</span> <span class='ocrx_word' id='word_1_326' title='bbox 893 3953 999 4033; x_wconf 87' lang='lat' dir='ltr'>partim</span> <span class='ocrx_word' id='word_1_327' title='bbox 1013 3951 1153 4034; x_wconf 84' lang='lat' dir='ltr'>impressa</span> <span class='ocrx_word' id='word_1_328' title='bbox 1164 3949 1231 4032; x_wconf 88' lang='lat' dir='ltr'>qui-</span> 
     </span>
     <span class='ocr_line' id='line_1_38' title="bbox 126 4049 1231 4134; baseline -0.001 -24"><span class='ocrx_word' id='word_1_329' title='bbox 126 4049 211 4123; x_wconf 72' lang='lat' dir='ltr'>tiam,</span> <span class='ocrx_word' id='word_1_330' title='bbox 223 4051 276 4110; x_wconf 87' lang='lat' dir='ltr'>sed</span> <span class='ocrx_word' id='word_1_331' title='bbox 287 4071 356 4111; x_wconf 88' lang='lat' dir='ltr'>crrrrr</span> <span class='ocrx_word' id='word_1_332' title='bbox 369 4052 500 4132; x_wconf 86' lang='lat' dir='ltr'>antiquis</span> <span class='ocrx_word' id='word_1_333' title='bbox 511 4051 625 4134; x_wconf 86' lang='lat' dir='ltr'>coliata</span> <span class='ocrx_word' id='word_1_334' title='bbox 636 4052 867 4132; x_wconf 83' lang='lat' dir='ltr'>exemplaribus,</span> <span class='ocrx_word' id='word_1_335' title='bbox 878 4049 973 4111; x_wconf 77' lang='lat' dir='ltr'>admo</span> <span class='ocrx_word' id='word_1_336' title='bbox 984 4051 1047 4132; x_wconf 83' lang='lat' dir='ltr'>ipse</span> <span class='ocrx_word' id='word_1_337' title='bbox 1060 4071 1115 4111; x_wconf 85' lang='lat' dir='ltr'>sus</span> <span class='ocrx_word' id='word_1_338' title='bbox 1126 4058 1231 4131; x_wconf 83' lang='lat' dir='ltr'>sponte</span> 
     </span>
     <span class='ocr_line' id='line_1_39' title="bbox 132 4148 1230 4230; baseline -0.002 -19"><span class='ocrx_word' id='word_1_339' title='bbox 132 4194 141 4211; x_wconf 91' lang='lat'>.</span> <span class='ocrx_word' id='word_1_340' title='bbox 158 4193 167 4212; x_wconf 90' lang='lat'><strong>.</strong></span> <span class='ocrx_word' id='word_1_341' title='bbox 181 4194 190 4210; x_wconf 88' lang='lat'><strong><em>.</em></strong></span> <span class='ocrx_word' id='word_1_342' title='bbox 203 4149 417 4230; x_wconf 85' lang='lat' dir='ltr'>adportavcrit,</span> <span class='ocrx_word' id='word_1_343' title='bbox 431 4149 521 4230; x_wconf 86' lang='lat' dir='ltr'>iriqrre</span> <span class='ocrx_word' id='word_1_344' title='bbox 536 4150 656 4210; x_wconf 87' lang='lat' dir='ltr'>biennio</span> <span class='ocrx_word' id='word_1_345' title='bbox 670 4158 739 4210; x_wconf 86' lang='lat' dir='ltr'>ante</span> <span class='ocrx_word' id='word_1_346' title='bbox 751 4169 842 4230; x_wconf 82' lang='lat' dir='ltr'>quarn</span> <span class='ocrx_word' id='word_1_347' title='bbox 863 4157 895 4210; x_wconf 77' lang='lat' dir='ltr'>br</span> <span class='ocrx_word' id='word_1_348' title='bbox 914 4150 1010 4230; x_wconf 88' lang='lat' dir='ltr'>ipsum</span> <span class='ocrx_word' id='word_1_349' title='bbox 1030 4148 1101 4208; x_wconf 81' lang='lat' dir='ltr'>mibi</span> <span class='ocrx_word' id='word_1_350' title='bbox 1128 4165 1230 4209; x_wconf 82' lang='lat' dir='ltr'>exem-</span> 
     </span>
     <span class='ocr_line' id='line_1_40' title="bbox 130 4245 1297 4330; baseline -0.005 -22"><span class='ocrx_word' id='word_1_351' title='bbox 130 4246 197 4329; x_wconf 80' lang='lat' dir='ltr'>plar</span> <span class='ocrx_word' id='word_1_352' title='bbox 210 4245 424 4330; x_wconf 87' lang='lat' dir='ltr'>publicandum</span> <span class='ocrx_word' id='word_1_353' title='bbox 437 4245 616 4311; x_wconf 73' lang='lat' dir='ltr'>tradidisses.</span> <span class='ocrx_word' id='word_1_354' title='bbox 631 4292 639 4308; x_wconf 92' lang='lat'><strong>.</strong></span> <span class='ocrx_word' id='word_1_355' title='bbox 652 4287 660 4310; x_wconf 82' lang='lat'><strong>.</strong></span> <span class='ocrx_word' id='word_1_356' title='bbox 676 4292 684 4309; x_wconf 89' lang='lat'><strong>.</strong></span> <span class='ocrx_word' id='word_1_357' title='bbox 699 4247 832 4310; x_wconf 84' lang='lat' dir='ltr'>Libellos</span> <span class='ocrx_word' id='word_1_358' title='bbox 849 4247 886 4309; x_wconf 86' lang='lat' dir='ltr'>ds</span> <span class='ocrx_word' id='word_1_359' title='bbox 906 4245 992 4312; x_wconf 87' lang='lat' dir='ltr'>Viris</span> <span class='ocrx_word' id='word_1_360' title='bbox 1004 4245 1184 4317; x_wconf 84' lang='lat' dir='ltr'>illustribus,</span> <span class='ocrx_word' id='word_1_361' title='bbox 1198 4252 1231 4303; x_wconf 88' lang='lat' dir='ltr'>ut</span> <span class='ocrx_word' id='word_1_362' title='bbox 1293 4267 1297 4278; x_wconf 78' lang='lat'><strong>·</strong></span> 
     </span>
    </p>
   </div>
   <div class='ocr_carea' id='block_1_4' title="bbox 0 0 1454 4834">
    <p class='ocr_par' dir='ltr' id='par_1_5' title="bbox 0 0 1454 4834">
     <span class='ocr_line' id='line_1_41' title="bbox 0 0 1454 4834; baseline 0 0"><span class='ocrx_word' id='word_1_363' title='bbox 0 0 1454 4834; x_wconf 95' lang='lat' dir='ltr'> </span> 
     </span>
    </p>
   </div>
  </div>
 </body>
</html>
