2956 4846
232 315 319 410 2243
392 343 440 364 ·’
578 357 914 408 nonmvsuroaun
942 357 979 406 rs

232 507 273 557 li.
285 501 763 567 utruque'ced.Gronlnp.babet⁴re·
799 519 892 570 sasque
914 504 992 554 scutis
1012 502 1092 552 innixi
1112 502 1227 566 cingant.
1243 497 1329 552 cib'nrn

232 579 320 642 uitet,'
344 578 390 629 sed
413 586 505 634 contra
525 581 601 630 metri
618 582 713 645 legem.
738 582 763 630 1-
799 581 884 644 ipsum
895 589 996 632 stantes
1008 582 1121 644 capiant,
1133 581 1248 630 tribuunt
1259 580 1330 630 inter

232 659 295 708 dssm
481 669 484 674 ·
800 667 886 708 scorta
901 656 1076 708 volutabitur.'
1108 657 1240 722 Frequens
1258 671 1330 708 rnen·

241 763 245 768 -
268 732 318 789 Qui
340 733 462 797 morsm]
481 734 559 784 Forte
576 734 764 798 siqui.⁴i.irin.
801 734 838 784 tio
849 734 917 797 apod
928 733 1090 783 Ammiauum
1101 732 1284 782 Marcellinum
1296 733 1344 782 de¹

234 810 296 860 Nou
313 823 430 873 necesse,
448 825 506 860 eum
520 825 554 861 ex
572 812 686 862 coddes'
706 820 765 862 aute
801 809 932 860 ‘stalariis
944 807 1059 874 pugnls3'
1076 809 1331 873 egoallqnsudousa·
1368 833 1372 844 ·

230 885 345 949 mando
357 884 516 936 inseruerim.
534 888 644 947 Morem,
656 903 707 954 quo
718 903 764 938 cu·
801 885 1112 950 diocraaiuterpretabar‚
1119 893 1148 936 ut
1155 886 1253 936 Ennius
1265 892 1333 934 ‘stu-

235 961 337 1012 baverit
353 963 482 1026 Julianus,
500 965 539 1014 itu
557 965 682 1016 describit
704 966 767 1015 Asn-
803 963 915 1014 tariam’
932 965 1087 1016 mediocrem
1103 963 1219 1014 iossnsm.
1259 963 1331 1014 Malo

235 1039 312 1088 mian.
322 1040 444 1111 Marcell.
455 1054 514 1092 xrs.
525 1047 550 1090 ⁵.
566 1039 660 1092 ‘lEnea
671 1044 767 1092 concisa
801 1043 938 1092 ‘statariae
950 1042 1066 1107 pnguss’
1081 1041 1201 1103 intelligi,
1213 1055 1229 1090 a
1239 1041 1333 1106 quibua

235 1115 371 1178 supposita
391 1116 495 1168 brachio
511 1125 586 1168 extra
602 1120 688 1168 cubile
707 1133 767 1183 pro·
803 1121 933 1184 equitatus
953 1120 1062 1169 abesset.
1095 1120 1140 1169 Sic
1159 1119 1226 1168 anim
1244 1119 1332 1169 ‘acies

172 1191 174 1198 ⁴
237 1198 321 1254 tento,
338 1193 416 1256 pilam
434 1194 543 1246 tenebat
563 1203 719 1259 argenteam,
738 1203 767 1248 nt
804 1195 928 1246 stataria'
940 1196 1074 1260 accipitur.
1095 1195 1333 1255 Vide'iurnebom‚

239 1283 296 1318 cusu
309 1284 444 1320 nervorum
460 1271 574 1335 vigorem
592 1287 669 1337 sopor
686 1275 767 1323 lasas·
804 1274 865 1341 quid
884 1275 936 1323 sint
952 1272 1084 1324 ‘statariae
1103 1269 1253 1327 comedia:
1269 1270 1333 1335 quid

239 1356 281 1398 set
295 1346 403 1412 infusus,
415 1350 564 1414 gestaminis
577 1352 643 1415 lapsi
660 1351 769 1402 tinnitus
804 1358 811 1380 ⁸
825 1350 925 1400 statarii
938 1347 1055 1399 actores?
1072 1347 1333 1404 nummulariis.

239 1423 408 1488 abrumperet
418 1441 531 1478 somnum
542 1427 557 1476 ι’
573 1429 617 1479 ubi
632 1429 707 1494 plura
719 1430 768 1480 Va·
804 1441 836 1476 ιι.
852 1431 892 1476 19.
925 1427 1001 1478 Quod
1021 1425 1116 1475 stando
1132 1423 1245 1487 capitur,
1255 1423 1337 1480 adso·,

239 1503 289 1552 les.
304 1502 389 1554 Arsin.
805 1519 855 1571 qne
868 1507 945 1554 breve
957 1510 1006 1560 est,
1018 1518 1048 1552 ac
1059 1511 1144 1552 tenue.
1159 1502 1248 1551 cauo.
1271 1501 1335 1551 Plu·

273 1580 449 1646 Coebtnatast]
459 1580 579 1632 Sidonius
587 1581 673 1646 Apuli.
686 1581 769 1631 Carus.
806 1597 835 1632 ra
846 1583 933 1632 vales.
943 1582 975 1631 ad
989 1581 1117 1630 Ammisn.
1129 1589 1196 1628 xxc.
1205 1581 1231 1628 l.
1241 1578 1266 1628 iu
1278 1579 1335 1627 nni·

240 1668 267 1704 v.
278 1659 336 1704 illl.
352 1655 468 1721 ‘Aprica
479 1659 528 1708 Vel
542 1648 590 1708 snb
602 1657 769 1722 pallajacet!
807 1675 906 1710 sarsum
918 1661 985 1710 enim
995 1659 1122 1708 statoriam
1132 1665 1180 1720 est,
1192 1655 1260 1721 quod
1271 1663 1334 1715 atat,

240 1729 318 1780 Josn.
327 1732 454 1782 sarisber.
476 1733 770 1784 Polior.v1.l.‘1nter·
807 1747 852 1787 sut
862 1736 955 1786 stando
974 1735 1121 1801 peragitata
1138 1734 1175 1783 ita
1185 1733 1335 1791 histriones,
1352 1749 1357 1764 =

241 1805 303 1856 dum
314 1808 362 1856 sub
374 1808 443 1870 diso,
460 1807 588 1858 interdum
600 1809 649 1858 sub
661 1810 770 1874 papilio·
807 1815 852 1880 qui
873 1815 930 1864 loco
952 1827 1002 1862 unu
1024 1820 1169 1870 moventur,
1184 1810 1335 1860 ‘statarium

240 1883 318 1933 uibus
332 1891 534 1950 commorantur,
549 1893 612 1936 tnnc
623 1885 726 1936 demtum
738 1887 770 1936 ad
807 1890 900 1954 ugera*
916 1889 1228 1954 dicuntnrapud'rerent.
1238 1887 1337 1936 Hssnt.

242 1975 315 2010 usam
326 1962 477 2012 erudiantur
487 1962 633 2012 armorum.’
648 1965 723 2014 Idem·
808 1969 878 2019 Prnl.
890 1971 930 2017 86.
963 1969 1076 2017 Paratur
1086 1966 1183 2026 Pansg.
1193 1977 1274 2016 xxxi.
1285 1967 1299 2029 ς
1312 1969 1336 2014 l.

274 2037 514 2104 MinistraramJCi.
526 2039 559 2088 de
570 2040 618 2090 lsac
631 2054 695 2090 voce
706 2039 771 2090 iufra
807 2043 991 2094 ‘messalarum
999 2039 1339 2096 servilinmststariusiixs.'

241 2114 290 2163 boc
302 2129 359 2177 cap.
379 2113 404 2164 in
423 2113 467 2164 lin.
501 2115 613 2180 coquos,
625 2115 771 2180 similesque
808 2121 905 2186 dequo
921 2119 1037 2170 Gronov.
1054 2117 1256 2178 Observ.1r.‚'l.
1274 2131 1336 2182 qaia.

241 2191 373 2255 intelligit.
405 2191 449 2241 Ita
462 2193 529 2242 enim
546 2192 579 2241 da
593 2191 698 2254 Juliann
711 2193 772 2242 Aru·
807 2197 857 2246 iarn
873 2197 1000 2246 riniorisss
1014 2195 1046 2244 ad
1064 2205 1175 2242 mensam
1191 2192 1337 2242 ministrnm

241 2269 342 2318 anianus
353 2269 471 2318 Marcell.
483 2281 555 2318 xxsr.
565 2273 589 2318 4.
601 2269 714 2319 ‘Omnes
724 2269 770 2318 bu·
808 2273 912 2324 exhibet
924 2271 1056 2336 depictum
1068 2282 1180 2319 marmor
1189 2268 1259 2332 apati
1270 2269 1339 2318 Can..

238 2344 353 2407 jusmodi
359 2359 417 2394 cuns
426 2345 772 2410 coquis,similibusquealiia
808 2352 934 2414 negieter.
947 2347 981 2398 de
993 2347 1090 2396 Mutat.
1101 2347 1179 2396 Nom.
1190 2345 1296 2395 lintion.
1310 2359 1339 2408 p.

241 2421 331 2472 udam
339 2423 457 2486 accipere
464 2422 530 2473 bens
538 2431 687 2484 consuetos,
693 2431 721 2472 nt
728 2438 772 2486 pa·
809 2428 867 2476 28⁴.
881 2424 1003 2474 ‘stataria
1015 2420 1098 2478 retia,’
1115 2422 1216 2486 aliaque
1227 2423 1339 2471 contnlit

243 2513 299 2548 rum
320 2499 370 2548 sibi
385 2500 553 2556 necessarios,
570 2500 641 2577 depo,
657 2515 708 2564 qun
727 2513 771 2549 ve·
809 2504 908 2553 savaro
919 2502 952 2550 sd
964 2501 1054 2551 Sidon.
1068 2498 1154 2565 Apoll.
1171 2499 1257 2564 Epist.
1269 2512 1301 2550 ιι.
1312 2504 1339 2550 2.

241 2576 663 2642 lint,eundipotestate,projecit.'
678 2577 774 2628 Joano.
808 2579 897 2630 Amin.

241 2654 378 2704 Saresber.
394 2655 493 2706 Polior.
510 2655 773 2708 v111.ar.daJulia·
844 2655 967 2706 castrsasi
987 2651 1051 2715 ribo]
1075 2651 1154 2704 ‘cibi
1176 2651 1339 2702 castrensea'

242 2745 291 2782 no:
305 2731 423 2788 ‘Palatio
432 2732 695 2796 expulit...cnqrna‚
706 2733 776 2796 unis,
810 2741 872 2783 aaut
888 2732 1007 2795 laridum,
1026 2743 1127 2790 caseus,
1145 2741 1233 2792 posca.
1257 2727 1340 2784 AEiipa

242 2821 315 2857 more
344 2808 497 2872 philosophi,
522 2806 586 2858 cibis
614 2807 773 2872 simplicibus
810 2809 961 2873 Spartianus
972 2807 999 2857 iu
1010 2805 1160 2856 Hadrianus
1177 2803 1290 2868 ‘einis’
1301 2803 1340 2854 in-

243 2881 385 2932 utebatur!
400 2883 476 2932 Irieus.
547 2925 549 2928 .
811 2887 877 2952 quit,
892 2886 987 2936 ‘etiam
1004 2882 1180 2934 castrensibus
1200 2882 1227 2930 in
1244 2895 1341 2952 propa·

280 2961 398 3024 Gailom]
417 2960 583 3011 Fortees'rus'.
600 2961 685 3010 Livio.
712 2961 774 3012 Nou
812 2965 866 3014 tulo
885 2964 998 3013 libenter
1014 2969 1099 3022 utens,
1116 2960 1164 3009 hoc
1182 2965 1232 3020 est,
1249 2958 1342 3014 larido,

242 3050 362 3104 necesse,
380 3047 515 3102 postquam
528 3051 606 3100 supra
618 3044 679 3086 ante
688 3051 774 3100 paros·
811 3054 897 3101 caseo,
914 3053 1002 3102 posca,
1016 3037 1136 3100 exemplo
1152 3034 1281 3098 {cipionis
1290 3035 1342 3085 Ε·

245 3116 283 3163 ‹1oe
294 3130 326 3165 ex
339 3107 414 3163 codd·
424 3115 448 3163 ei
459 3113 494 3162 sit
507 3113 641 3162 insertum.
656 3113 741 3164 Arsit.
811 3117 916 3174 miliani,
940 3125 968 3164 et
983 3113 1144 3177 adoptatori·
1161 3112 1200 3162 sui
1218 3110 1345 3176 Traiani-¹

279 3193 414 3242 Statariam
429 3190 775 3255 prandium].1ist,qnodmi·
813 3194 858 3245 Sic
870 3193 938 3243 euim
949 3193 1016 3255 lego,
1028 3203 1086 3239 non.
1095 3191 1103 3216 ‘
1113 3188 1227 3239 auctoris
1237 3186 1254 3252 ς’
1271 3186 1342 3238 forte

244 3269 305 3319 lites
327 3277 438 3332 stantes,
456 3283 505 3318 non
523 3267 708 3318 decumbentes
722 3285 775 3320 mo·
812 3274 868 3322 llec
888 3269 967 3320 verba
986 3269 1011 3316 io
1033 3275 1134 3316 textum
1153 3266 1293 3328 irrepsere,
1313 3273 1344 3315 ut

246 3359 276 3394 rs
300 3354 426 3407 veterum,
447 3352 588 3394 sumerent.
626 3346 776 3396 Ammianus
813 3346 1004 3414 pleraqueslis.
1038 3342 1158 3392 Addoex
1170 3341 1343 3404 juriacnussl·

247 3422 366 3470 Marcell.
374 3421 407 3470 de
417 3421 508 3470 eodem
516 3421 622 3472 Juliano
632 3437 639 3470 r
656 3423 725 3472 ‘Per
733 3439 776 3474 va·
813 3434 897 3474 torum
910 3423 982 3471 libris
992 3421 1116 3482 salpiam,
1124 3425 1150 3466 et
1160 3417 1343 3470 nrrceelnunm.

227 3498 776 3568 ¹rinaautemprocinetuaaraminrarnum
813 3500 957 3554 Darentiaca,
976 3497 1079 3546 Varias.
1101 3509 1132 3544 ιι.
1153 3498 1192 3544 19.
1223 3494 1343 3559 Militari,

195 3642 197 3649 .
247 3593 319 3629 more
341 3579 438 3628 militia
460 3579 545 3628 cibum
565 3579 671 3629 brevem
690 3583 777 3632 rilem·
814 3579 930 3642 adeoque
942 3575 995 3623 vili.
1027 3575 1071 3623 De
1089 3572 1193 3623 Julisuo
1213 3570 1343 3622 Ammian.
1375 3581 1377 3588 “

248 3671 299 3720 qne
310 3670 411 3706 sumere
424 3653 570 3706 visebatur!
580 3695 582 3700 .
592 3656 649 3704 Lis.
661 3657 678 3706 l.
691 3671 779 3708 xxxv.
814 3653 962 3706 Marcellin.
978 3663 1047 3700 xxv.
1063 3652 1088 3698 l.
1104 3650 1116 3692 ἰ
1125 3648 1183 3696 Hoc
1198 3653 1345 3710 temperan-

246 3733 256 3760 ⁴
266 3733 417 3797 citatosque
430 3732 545 3795 singulos
551 3733 721 3797 jurejurando
733 3734 778 3784 ad·
814 3733 857 3782 tiae
869 3745 951 3794 genus
966 3726 1101 3776 crescebat
1111 3725 1136 3772 iu
1147 3723 1241 3787 majus,
1247 3724 1343 3787 juvan-

248 3809 312 3872 epit,
330 3799 486 3873 nisiquibus
503 3809 607 3858 morbus
623 3825 700 3860 causa
718 3812 779 3874 erit,
815 3817 842 3858 te
871 3805 1028 3871 parcimonia
1054 3802 1178 3858 ciborum,
1202 3810 1229 3850 et
1251 3802 1344 3858 somni,

248 3899 300 3934 non
323 3885 399 3934 aliter
418 3899 492 3947 qsrasu
512 3892 610 3934 stantes
624 3887 710 3936 cibum
731 3895 777 3952 po·
813 3879 1114 3949 quibusdomi,forisque
1126 3877 1346 3928 tenaciusatsba·

247 3966 363 4025 mulque,
385 3960 468 4025 quoad
493 3961 624 4025 stipendia
650 3961 779 4025 fecerent,
814 3970 865 4012 tur.
899 3955 1344 4029 Namqueinpaceejusmeusaran

249 4045 370 4102 capturos
388 4035 462 4088 esse.'
493 4038 600 4088 Marcus
613 4041 712 4102 Florus,
723 4042 778 4092 siva
815 4035 928 4087 tennitas
939 4042 997 4082 erat
1009 4039 1080 4082 recte
1089 4031 1253 4080 noscentibus
1262 4032 1344 4082 admi·

250 4113 417 4164 Postbumiua
432 4113 521 4178 junior
542 4115 616 4166 Deci.
634 4129 679 4166 ιιι.
696 4116 778 4169 ‘Cum
815 4112 905 4176 sanda,
925 4107 1046 4160 velutad
1064 4108 1168 4172 pallium
1185 4123 1246 4158 mox
1257 4124 1345 4160 rever-

249 4191 295 4240 alii
319 4190 450 4240 excubent
478 4192 581 4253 armati,
603 4192 646 4242 alli
667 4193 779 4256 clauitra
815 4189 877 4240 auri.
907 4185 961 4236 Per
978 4183 1061 4234 uarios
1081 4190 1167 4234 entem
1186 4185 1345 4248 prosinctus,

248 4273 381 4334 portarum
400 4273 534 4334 tueantur,
548 4267 591 4318 alii
609 4267 702 4320 vallum
725 4267 778 4323 lna·
814 4271 886 4316 staua
900 4259 1031 4312 interdum
1048 4273 1121 4312 more
1132 4261 1247 4326 militari,
1258 4262 1346 4316 cibum
