2896 4834
32 367 34 428 l

338 355 941 416 ‘rsunernrcoauuvnrnnum
1028 397 1044 412 ..
1132 353 1219 418 2507
1253 355 1290 394 ·“

125 571 131 584 ,
164 508 271 574 Ρ11011
281 505 525 594 Panegyricum
541 508 717 588 recensuit,
730 509 888 594 notisque
910 508 1048 600 critims,
1059 467 1220 580 10000010

122 609 155 692 J.
172 611 218 688 N.
233 611 340 678 Titne.
366 612 497 696 Pragae,
509 611 606 676 1820.
621 611 698 677 800.
1296 623 1298 630 ·

120 873 124 884 ·
161 831 339 898 Hactenus
361 833 405 897 de
431 831 536 898 Plinii
556 837 589 898 et
610 831 753 898 aliomm
774 832 1008 917 panegyricis.
1054 834 1156 914 Quod
1172 837 1216 900 ad

119 934 223 1000 Plinii
241 935 414 1019 Epistolas
437 942 582 1020 spectet,
602 937 632 1000 si
653 935 724 1001 illae
744 936 789 1000 ad
807 957 863 1002 res
879 945 1012 1011 nostras
1034 937 1118 1002 nihil
1140 939 1217 1004 atti·

119 1045 206 1117 nent,
220 1041 324 1104 multo
339 1041 448 1104 minus
463 1059 567 1124 opera
580 1039 655 1123 ejus
670 1039 852 1123 deperdita,
867 1047 915 1118 ut,
933 1041 1218 1124 exempligratia,

119 1143 173 1207 De
197 1141 390 1208 Illustribus
405 1141 511 1220 Viris,
525 1142 615 1226 quod
631 1161 730 1225 opus,
746 1162 813 1208 unu
829 1162 904 1208 cnm
920 1142 1142 1228 Panegyrico,
1156 1163 1217 1210 ex-

118 1253 167 1311 tat
180 1247 217 1310 in
232 1246 380 1310 editione
391 1244 528 1322 Aldina,
544 1243 731 1314 1508800.
748 1250 784 1308 et
795 1245 830 1308 in
845 1243 922 1310 aliis
933 1246 1081 1329 antiquis
1096 1245 1215 1310 editio-

116 1350 238 1432 nibus3
254 1349 312 1414 sed
326 1369 371 1414 ex
386 1349 557 1414 doctorum
567 1354 693 1414 nostrae
706 1348 817 1414 aetatis
829 1367 1003 1424 consensu,
1014 1348 1098 1414 inter
1111 1368 1216 1434 opera

115 1455 220 1518 nostri
235 1451 339 1518 Plinii
351 1451 520 1518 numerari
534 1469 600 1516 non
615 1455 739 1536 potest.

157 1556 278 1621 Pauca
290 1555 363 1621 haec
378 1573 456 1638 quar
469 1560 648 1637 sequuntur
658 1573 702 1618 ex
717 1553 833 1618 multis
848 1553 1037 1635 selegimus,
1048 1551 1092 1617 ad
1108 1549 1214 1616 Pane-

113 1660 246 1742 gyricos
260 1642 470 1741 pertinentia,
482 1656 709 1722 additamenta
722 1657 878 1721 nimirum
893 1655 937 1720 ad
953 1675 994 1720 ea
1005 1673 1082 1737 quae
1098 1653 1213 1720 Fabri·

113 1762 189 1826 eius
204 1761 299 1844 prius
316 1761 455 1845 protulit
475 1761 511 1825 in
533 1759 746 1826 Bibliotheca
767 1761 897 1834 Latina,
918 1766 953 1824 et
976 1777 998 1822 a
1021 1757 1213 1840 Bipontinis

112 1873 289 1948 excerpta,
303 1858 415 1929 eorum
430 1864 572 1930 editioni
585 1863 811 1950 praefiguntur.

156 1967 339 2032 Schwarzii
354 1967 623 2032 Observationes
637 1967 773 2034 Criticae
797 1968 841 2034 ad
865 1969 942 2034 loca
968 1968 1125 2051 quaedam
1143 1966 1212 2031 Pli-

22 2137 27 2152 ,
111 2070 204 2136 niani
220 2071 431 2154 Panegyrici.
455 2069 603 2136 Altdorf.
626 2069 723 2136 1729.
763 2071 958 2136 Heumanni
973 2070 1212 2136 Meditationes

111 2172 157 2237 ad
198 2172 348 2237 Pliniani
386 2172 585 2258 Panegyrici
626 2173 715 2252 loca,
757 2193 836 2257 quse
872 2174 1039 2238 emendari
1081 2177 1212 2257 optavit

110 2275 322 2340 Schwamins
347 2277 382 2340 in
404 2277 501 2341 exitu
519 2295 593 2340 suae
608 2273 711 2342 Praef.
732 2275 766 2340 in
786 2276 899 2344 Brem.
919 2274 986 2338 und
1002 2275 1211 2342 Verdischen

111 2378 276 2444 Biblioth.
291 2379 359 2444 vol.
374 2395 427 2444 iv.
442 2384 527 2463 part.
544 2394 585 2442 11.
600 2397 633 2443 n.
648 2380 687 2460 7.ι
693 2399 727 2463 p.
741 2377 818 2444 489.

152 2482 341 2564 Appendix
363 2481 643 2548 Observationum
658 2482 701 2546 ad
718 2481 946 2567 Panegyricos
962 2479 1114 2560 Veteres,
1132 2501 1209 2566 quae

109 2592 146 2649 et
170 2584 384 2650 Praefationis
406 2586 481 2650 vice
503 2585 653 2650 adhiberi
675 2592 800 2668 potest,
825 2591 942 2650 curata
964 2604 984 2648 a
1006 2584 1209 2668 Wollgango

108 2685 131 2750 J
135 2707 257 2769 aegero,
274 2687 369 2754 Ptol.
386 2687 539 2754 Norimh.
554 2697 589 2754 et
604 2685 747 2752 Altdorl.
758 2688 855 2752 1790.
869 2686 944 2751 8οο.

153 2789 231 2856 Ghr.
247 2789 353 2856 Gottl.
371 2790 498 2876 Heynii
524 2791 683 2856 Gensurae
710 2805 783 2854 xrr.
807 2789 1087 2874 Panegyricorum
1108 2789 1208 2854 Vete-

109 2914 193 2980 rum.
224 2893 372 2977 Gotting.
388 2893 487 2959 1803.
501 2893 598 2959 1805.

153 2995 211 3061 Ad
219 2996 271 3062 cl.
285 2997 525 3062 Mamertinum
541 2997 715 3062 referenda
730 2993 807 3062 suut
819 3014 896 3079 quae
908 2995 1049 3058 breviter
1059 3011 1138 3058 sane
1150 3015 1206 3058 no-

110 3106 161 3164 tat
175 3100 303 3167 Saxius
323 3099 499 3165 Onomast.
515 3107 599 3185 part.
616 3116 642 3165 1.
657 3121 691 3184 p.
710 3099 786 3164 377.
831 3097 979 3162 Vossius
1006 3096 1049 3160 de
1077 3095 1207 3161 Latinis

107 3202 345 3268 Historicisrr.
361 3209 394 3268 et
409 3223 441 3267 v.
457 3224 492 3287 p.
503 3205 578 3268 172.
603 3203 774 3286 Pagiusin
791 3201 904 3268 critic.
921 3201 1043 3266 Baton.
1055 3200 1089 3264 in
1105 3199 1207 3263 variis
1251 3277 1254 3284 1

106 3305 218 3371 locis:
242 3306 427 3390 etquidem
443 3307 510 3370 dno
526 3316 603 3371 sunt
615 3306 816 3384 Mamertini,
828 3305 870 3370 de
887 3324 1029 3389 quorum
1043 3304 1206 3368 ambobus

107 3410 288 3475 Fabricius
303 3411 470 3476 tractatio
487 3411 699 3476 Bibliotheca
714 3411 844 3476 Latina.

150 3511 209 3578 Ad
229 3513 425 3578 Eumenium
455 3513 791 3597 Augustodunensem
821 3513 991 3578 referenda
1019 3519 1099 3574 sunt
1125 3529 1204 3592 quae
1292 3503 1294 3510 ’

104 3617 253 3699 Pagius·
268 3617 398 3682 notavit
426 3615 461 3679 in
487 3616 603 3682 Critic.
627 3618 750 3682 Baton.
774 3617 817 3680 ad
834 3616 879 3680 A.
900 3613 939 3678 C.
963 3613 1039 3677 297.
1068 3617 1100 3674 et
1125 3629 1204 3694 quae

105 3718 226 3805 Steph.
241 3717 387 3783 Vinand.
404 3717 545 3801 Pighius
565 3719 599 3782 in
616 3719 768 3784 Hercule
785 3717 946 3782 Prodicio
960 3735 995 3798 p.
1010 3714 1146 3779 38-60.
1170 3718 1205 3778 et

105 3843 184 3909 quae
200 3823 328 3889 Saxius
342 3823 378 3886 in
393 3821 571 3889 Onomast.
587 3827 673 3912 pert.
691 3839 715 3886 1.
730 3843 788 3907 pp.
802 3821 878 3886 381.
892 3821 967 3886 382.

147 3924 204 3989 Ad
221 3924 256 3990 N
258 3925 406 3991 azariam
422 3925 698 4008 Burdogalensem
713 3925 883 3992 reserenda
897 3931 973 3988 sunt
984 3943 1061 4008 quae
1078 3923 1203 3988 Saxius

103 4035 198 4094 notat
214 4027 387 4093 Onomast.
403 4033 489 4113 part.
506 4045 531 4092 1.
548 4049 606 4113 pp.
623 4029 699 4096 394.
719 4030 796 4096 395.
817 4047 893 4114 qum
909 4027 1086 4093 Fabricius
1101 4017 1204 4090 variis

102 4132 192 4198 locis
209 4130 368 4196 Biblioth.
384 4130 461 4198 Lat.
475 4131 558 4198 item
571 4128 780 4215 Hamherger
794 4136 879 4216 part.
898 4148 938 4194 rr·
954 4151 1013 4215 pp.
1029 4127 1103 4194 671.
1118 4128 1194 4193 672.

148 4235 204 4300 De
226 4231 349 4302 Ilatino
365 4234 493 4302 Pacato
508 4231 682 4320 Drepanio
696 4241 872 4302 occurrunt
887 4235 1042 4320 querulam
1058 4233 1092 4298 in
1104 4230 1203 4296 Saxii
