2920 4844
339 316 472 366 urrini
499 316 635 383 necari
658 317 795 366 suune.
833 315 908 368 xri.
928 297 982 368 33.
1121 301 1207 376 2407

118 463 215 514 Iu'rimn
233 475 286 513 ιιι.
301 466 329 514 t.
344 468 373 514 et
388 463 508 514 Frontin-
524 463 640 526 Stratsg.
678 460 738 510 duan
748 460 787 510 tui
797 473 855 510 esse
867 460 966 526 colunt,
977 459 1022 524 qui
1032 467 1138 524 possent
1148 475 1209 512 esse

119 554 158 590 iv.
172 543 196 588 1.
214 543 257 588 td.
275 539 390 590 Gronov.
405 541 438 588 ad
459 539 527 590 Geli.
545 553 605 590 xvr.
616 543 642 588 4.
678 538 800 588 adversus
813 547 849 594 te,
864 538 886 586 si
898 538 1005 588 veilent.
1038 535 1107 588 Illud
1123 535 1208 602 ipsunt

118 617 190 666 idem.
677 623 765 666 tomen
777 603 1017 680 beneficirrm,qnod
1030 614 1078 664 tibi
1087 613 1160 670 dant,
1170 614 1211 664 sic

155 692 245 742 Notori
264 689 413 756 infrequens]
438 691 505 740 Vide
529 689 642 740 Gellium
678 691 751 749 dant,
764 699 793 744 nt
805 692 927 758 imputari
938 692 989 742 sibi
1002 693 1210 756 patiantur-,ten-

119 782 174 818 xvr.
183 773 209 820 t.
221 769 325 820 Festum
338 770 365 817 in
377 783 435 818 roc.
445 770 452 796 ‘
463 765 613 832 infrequens
624 763 642 816 :'
678 785 753 834 quiam
763 783 814 818 non
825 768 967 823 dedissent,
979 767 1025 817 sed
1037 767 1210 831 accepissent,

118 851 145 894 et
165 846 282 896 Frontis.
304 847 421 910 Strateg.
445 859 484 896 tv.
502 848 527 896 1.
548 845 575 894 in
597 842 643 894 fin.
679 845 739 894 dum
751 852 810 896 tuos
822 845 879 894 illos
888 844 1016 909 appellari
1027 845 1136 908 pateris.
1158 844 1211 894 Be-

118 919 243 972 Ausonins
255 923 281 972 in
297 921 379 972 Praet.
397 923 510 974 Centon.
525 921 533 947 ‘
546 921 643 970 Proce·
678 923 799 972 neficium
816 923 949 986 accepisse
963 922 1139 972 Theodosium
1151 921 1211 973 ideo

118 997 177 1066 dere
196 997 258 1048 mihi
279 999 348 1048 inter
368 997 522 1064 frequentes
544 997 642 1059 stipen·
679 999 754 1064 dicit,
773 1002 835 1066 quie
856 1000 973 1066 Scyria,
994 1014 1058 1065 qnos
1076 1007 1199 1062 suspecto

119 1073 183 1124 dium
189 1076 304 1138 jubebis,
322 1075 361 1124 sin
379 1075 454 1124 siiter
465 1089 517 1122 sere
528 1073 642 1124 dirutum
679 1077 777 1134 hebuit,
799 1077 883 1126 secuti
904 1089 963 1128 eum
981 1084 1042 1126 sunt
1061 1076 1088 1126 in
1105 1075 1207 1124 betium.

118 1147 210 1201 facies'
226 1152 317 1201 Sidon.
333 1151 396 1202 ‘Ad
416 1167 509 1200 nornen
520 1159 643 1200 currente
679 1153 797 1218 adeoque
825 1161 910 1202 tutum
939 1152 1049 1202 limitem
1082 1149 1212 1209 fecerunt,

119 1226 184 1278 Gets
195 1229 268 1278 timet
285 1243 338 1278 sere
349 1229 436 1278 roesri
448 1224 574 1279 nicusus?
592 1227 644 1276 Pu·
679 1231 747 1296 qnod
766 1229 884 1295 profecto
897 1229 1051 1280 beneficium
1067 1226 1125 1280 tuit.
1159 1229 1212 1278 Sed

119 1309 176 1366 teon.
208 1305 252 1356 Ao
270 1306 344 1368 signs
361 1319 464 1368 nempe,
483 1305 550 1370 quod
565 1303 642 1354 delic-
680 1310 728 1358 hoc
746 1309 829 1371 ipsum
847 1307 1000 1358 beneficium
1019 1307 1148 1370 imputare
1160 1305 1214 1376 iilis

119 1387 169 1430 tum
180 1381 205 1429 in
217 1382 298 1430 mitite
311 1395 357 1444 pro
369 1380 517 1430 desertione
526 1379 645 1428 habetur.
682 1392 785 1448 poteret
794 1385 959 1440 Theodosius,
970 1383 1089 1448 quonism
1101 1397 1148 1446 pet
1159 1397 1214 1432 tm·

119 1457 182 1508 Vide
201 1458 315 1508 Geliinrn
333 1471 395 1508 ιιι.
407 1461 432 1506 d.
451 1465 480 1506 et
492 1457 599 1508 Festum
616 1456 644 1506 in
681 1461 805 1510 bitionem
827 1460 930 1509 virtutis
948 1459 1145 1519 Theodosiana,
1165 1459 1213 1508 mi·

30 1567 32 1574 ,
118 1531 289 1599 ‘infrequens
299 1535 315 1584 ι’
331 1547 394 1598 quos
415 1534 488 1583 iocos
509 1531 643 1582 commode
682 1539 741 1587 lites
753 1537 893 1588 Theodosii
907 1537 960 1586 dici
981 1535 1113 1586 volebant.
1146 1534 1214 1586 Hac

118 1608 157 1660 hic
168 1609 231 1661 citat
243 1612 389 1660 Puteanus.
406 1607 499 1674 Scitcff.
682 1621 724 1664 est
752 1629 814 1664 cers
839 1613 953 1666 oratoris
979 1627 1062 1675 mens,
1084 1627 1161 1678 quam
1183 1626 1213 1662 se

143 1689 177 1751 §t
189 1688 279 1736 Nellos
290 1685 414 1748 tumultus]
427 1683 645 1735 Observsbscba·
681 1689 814 1740 Acidaiius
826 1689 930 1754 assequi
950 1704 1024 1754 posse
1039 1696 1126 1753 neget.
1156 1687 1214 1740 sci-

121 1779 200 1814 rorum
212 1765 275 1814 sitia
286 1764 312 1813 in
324 1763 402 1813 bello.
435 1761 500 1812 Haec
515 1761 583 1812 enirn
595 1761 645 1812 trie
682 1767 745 1816 iicet
766 1767 891 1830 herebat,
912 1772 944 1816 nt
964 1767 1065 1832 opinor,
1087 1767 1114 1816 in
1132 1767 1214 1833 ‘verbo

120 1841 143 1890 is
161 1842 208 1891 iliis
227 1841 286 1891 fere
303 1839 492 1904 deprehendes,
510 1848 644 1902 contemp·
681 1844 690 1873 ‘
708 1841 856 1908 inputsrs,'
872 1844 939 1908 quod
955 1844 998 1892 iiic
1017 1859 1068 1894 non
1087 1850 1128 1894 est
1143 1843 1214 1894 idem

30 1973 31 1980 p
120 1926 170 1970 tun
181 1917 313 1982 regiminis
325 1932 356 1966 sc
371 1917 483 1980 imperii,
496 1917 645 1978 neglectum
682 1934 712 1970 ao
730 1917 873 1970 ‘causum'
890 1920 930 1968 vei
948 1920 955 1948 ‘
968 1927 1085 1970 sisterem
1107 1918 1214 1978 dicere‚'

119 1995 218 2053 ordinis,
239 1993 375 2058 prscdaudi
392 1992 516 2046 studium.
550 1993 645 2042 Poste·
682 1995 729 2046 sed
749 2002 757 2024 ‘
775 1995 1139 2060 supputere,’‘subducere.’
1170 1996 1215 2046 Sic

30 2103 31 2112 r
120 2085 171 2120 uiris
183 2087 235 2122 rem
248 2071 374 2134 exemplis
386 2070 528 2125 declarare,
544 2068 565 2116 si
576 2083 644 2117 eom·
681 2071 826 2144 Ulpianus:
840 2072 992 2122 ‘Praeterea
1002 2072 1023 2122 si
1032 2079 1141 2122 matrem
1150 2072 1215 2128 aluit

30 2153 32 2162 ’
121 2150 280 2214 menterioni,
297 2161 350 2197 non
369 2155 443 2196 notas
461 2146 644 2194 scriberemus.
682 2149 775 2212 pnpilli
792 2158 873 2210 tutor,
889 2154 965 2212 putat
981 2149 1068 2198 Labeo
1084 2148 1216 2212 imputare
1250 2183 1261 2208 ,

121 2223 192 2274 Ideni.
682 2240 746 2296 euml
761 2225 862 2290 posiez'
879 2225 906 2276 ir.
917 2239 941 2274 e.
959 2239 1102 2290 expensum
1117 2226 1214 2288 pupillo

149 2301 266 2366 [sopiunt]
279 2302 315 2352 Et
322 2300 371 2350 hoc
379 2307 470 2348 contrs
478 2297 644 2348 barbarorum
682 2301 761 2357 ferre,
778 2301 896 2365 adeoque
916 2317 949 2352 ex
969 2301 1059 2352 debito
1076 2301 1101 2352 ei
1117 2315 1215 2352 summa

30 2435 31 2446 γ
121 2379 339 2434 cousuetudinem,
350 2377 394 2441 qni
406 2376 469 2424 niiiii
480 2373 568 2424 ferunt
578 2373 645 2424 ditii-
683 2377 838 2428 subducere.
856 2376 946 2442 Scdeff.

122 2453 199 2517 cilios,
215 2469 292 2520 qnam
304 2454 417 2518 inopiam
434 2451 557 2502 frumeuti
568 2467 645 2502 enno·
720 2453 790 2502 Cae.
803 2465 910 2503 xxxin.
925 2457 961 2520 §l
974 2455 1138 2520 Moriiospsc]
1151 2453 1216 2504 Cau·

122 2543 216 2596 nsque.
249 2531 347 2596 Itaque
358 2531 379 2580 si
390 2529 528 2594 aliqnando
540 2530 647 2593 ingruit,
683 2544 736 2580 snm
749 2531 827 2580 tiliam
841 2545 890 2580 non
903 2531 988 2594 rideo,
999 2533 1048 2582 nisi
1061 2533 1140 2582 solam
1152 2546 1216 2596 neg-

30 2633 31 2644 2
123 2610 311 2658 suttumuitmn
327 2605 392 2672 scre,
409 2605 554 2683 adtingam
566 2605 646 2656 medi·
683 2607 815 2670 ligentiam
835 2607 929 2656 tibrarii
948 2609 975 2656 in
994 2605 1216 2674 cod.Gue1f.qui

30 2697 32 2722 t
124 2688 212 2734 tantur.
230 2685 309 2734 Idem.
683 2697 731 2746 pro
749 2681 854 2733 mmidus
873 2684 948 2733 uobis
966 2683 1070 2736 dederit
1086 2684 1219 2734 militibus:

159 2758 342 2826 Conporcmdo]
374 2759 476 2810 Bonum
502 2757 646 2812 incentum.
684 2755 788 2810 frustra.
833 2757 942 2808 Romani
968 2761 1028 2810 oiim
1055 2761 1216 2812 sanctissime

30 2817 31 2900 Ῑ
123 2835 170 2886 Sed
187 2853 237 2888 uon
256 2839 347 2902 magis,
361 2851 440 2901 qoem
459 2836 601 2902 superiore,
613 2851 647 2886 ex
684 2834 754 2884 belia
764 2843 907 2896 gesserent,
922 2835 981 2884 ideo
998 2837 1089 2902 etiqnis
1105 2836 1216 2886 ‘contus

124 2914 220 2978 ingenio
236 2916 414 2970 barbarorum,
433 2913 530 2980 quippe
550 2914 592 2974 qui
608 2913 645 2976 ig·
685 2927 768 2962 mores
780 2913 905 2976 majorum
915 2909 1014 2962 betium
1027 2913 1134 2979 gerere'
1150 2914 1216 2964 dici-

30 3035 31 3048 ,
123 3001 209 3044 norsnt
236 2992 314 3056 copis
342 2990 462 3054 praesenti
490 3003 570 3054 parce
599 2989 647 3038 uti.
685 2997 729 3056 tur
741 2989 803 3051 dcix,
820 2989 841 3038 si
860 2989 990 3053 pendulos
1004 2998 1032 3041 et
1047 2999 1116 3040 srtes
1132 2991 1215 3040 inlici-

30 3085 31 3108 2
126 3067 193 3118 idest.
217 3069 308 3120 Livius
319 3081 354 3118 ιι.
371 3071 413 3118 84.
430 3055 647 3117 ‘conditionibus
686 3074 725 3114 tas
740 3073 841 3130 quoerst
858 3065 1003 3122 victoriam.
1036 3068 1105 3118 Flos.
1123 3081 1155 3116 ιι.
1173 3071 1216 3118 2⁰.

30 3159 31 3208 p
123 3143 219 3195 taxandi
238 3143 385 3196 annonem?
403 3143 503 3196 Duker.
515 3143 547 3192 sd
560 3143 646 3193 eumd.
684 3146 709 3192 7.
727 3141 803 3191 Adde
824 3142 896 3192 Cort.
915 3143 948 3191 ad
966 3141 1030 3194 salt.
1046 3143 1123 3194 csttt.
1138 3157 1162 3192 e.
1174 3147 1217 3192 62·

30 3213 31 3240 *
125 3226 249 3272 uento.
264 3221 381 3272 Arnim.
685 3225 713 3269 et
734 3221 761 3268 in
784 3219 871 3283 specie
892 3217 1008 3270 ‘mores’
1030 3227 1161 3285 ponuntur
1182 3220 1216 3270 de
1275 3217 1278 3227 '

158 3297 259 3346 Virtutis
269 3293 380 3358 omdr'tio]
394 3295 513 3354 Acumen
526 3295 576 3346 hoc
594 3310 644 3346 me·
686 3297 799 3348 moribus
810 3297 933 3348 honestis*
949 3297 1064 3348 Gronov.
1076 3298 1186 3348 Obserr.
1196 3312 1216 3348 1.

125 3372 170 3422 tiss
189 3375 387 3424 consideretur:
411 3387 470 3420 narn
493 3373 576 3421 adhuc
596 3385 647 3420 non
685 3377 730 3426 23.
744 3373 822 3440 Ouid.
832 3375 919 3438 Epist.
928 3373 994 3424 Her.
1007 3389 1080 3425 xvir.
1092 3379 1147 3425 1⁷2.
1158 3389 1217 3424 cum

125 3454 181 3502 sstis
203 3455 288 3518 cupio,
327 3453 386 3504 Nec
406 3451 489 3502 audeo
511 3467 647 3516 reponere,
685 3453 795 3502 Berthio
813 3449 846 3502 sd
866 3452 1044 3504 Claudianis
1061 3449 1122 3502 Ruf.
1139 3467 1160 3502 1.
1174 3456 1216 3502 48.

126 3535 208 3590 prosto
227 3535 273 3585 est,
299 3535 326 3578 ut
352 3534 416 3584 tuos,
443 3529 562 3580 conditio?
587 3529 648 3592 quis
684 3527 773 3578 Arntz.

127 3609 238 3668 proxime
260 3605 395 3670 precedit,
411 3607 479 3670 ‘pro
495 3606 562 3656 omni
583 3621 648 3670 pre·
717 3602 927 3670 AEgyptusormn]
944 3603 995 3652 Adi
1012 3601 1116 3652 Florum
1135 3617 1174 3653 tv.
1191 3609 1216 3656 7.

127 3681 173 3732 mio
188 3684 308 3748 omnique
326 3682 446 3732 mercede
464 3681 491 3730 id
509 3697 586 3734 unium
608 3699 648 3732 re·
686 3689 775 3738 eteos,
783 3695 847 3746 quos
855 3679 981 3730 adscribit
991 3679 1115 3730 Dominus
1125 3680 1217 3734 Frein-

127 3771 238 3818 poscens,
259 3769 288 3810 ut
308 3765 368 3810 tuus
389 3757 538 3808 diceretur.’
555 3761 650 3814 Acidui.
685 3758 806 3808 shemius.
823 3757 915 3822 Sciteff.
1206 3817 1208 3824 s

127 3835 215 3893 Pulcrs
226 3839 364 3900 sententis,
381 3837 453 3901 cnjus
473 3839 515 3889 hic
531 3846 573 3888 est
591 3855 649 3890 sen·
719 3833 856 3896 Nonitotit]
873 3833 913 3882 De
935 3832 1031 3883 talibus
1051 3833 1139 3898 rebus,
1158 3851 1216 3900 qnae

128 3925 185 3960 nist
208 3916 338 3964 Virtutem
363 3929 451 3963 omnes
480 3914 649 3981 admirantur,
686 3919 764 3962 entes
783 3910 922 3974 incognitae
941 3907 1054 3960 fueraut.
1072 3912 1163 3962 Barth.
1182 3913 1216 3962 sd
1287 3905 1289 3912 '

128 4001 208 4040 omues
220 3991 386 4042 vehementer
398 3991 523 4042 ambiunt.
555 3991 648 4058 Itaque
687 3988 824 4052 Claudisp.
842 3988 869 4038 in
887 3985 948 4038 ltus.
966 4001 986 4036 ι.
1000 3992 1041 4038 ts.
1058 3987 1184 4040 Boethius
1196 4003 1217 4040 ι.

129 4078 181 4116 crim
195 4069 240 4118 ilie
251 4069 283 4118 ad
294 4069 444 4118 miraculum
461 4068 496 4117 sis
514 4070 648 4132 preditus,
687 4067 763 4118 Pros.
777 4069 800 4116 1.
818 4065 936 4114 ‘Novum
948 4065 1043 4130 aliquid
1054 4065 1217 4116 inusitatum·

130 4142 202 4204 etism
218 4145 322 4209 Septhre
341 4143 458 4192 ambiunt
473 4149 502 4192 ut
513 4145 551 4194 tui
562 4145 648 4194 dicen·
687 4159 737 4208 que
760 4141 866 4192 vidisti!
900 4142 993 4206 Sulpit.
1019 4142 1110 4194 Seres.
1132 4157 1152 4194 ι.
1175 4147 1216 4199 lt,

30 4247 31 4272 1
132 4226 177 4272 tur.
193 4221 242 4272 Sed
253 4218 450 4272 itabenetieiuni
462 4220 508 4272 tibi
521 4221 648 4282 tribuunt,
686 4219 758 4272 Prie.
770 4218 803 4274 sd
816 4217 896 4284 Apul.
909 4219 954 4270 lib.
968 4232 1007 4272 tv.
1020 4234 1046 4286 p.
1057 4224 1115 4298 29⁷.
1130 4219 1218 4274 Artis
